%% This BibTeX bibliography file was created using BibDesk.
%% http://bibdesk.sourceforge.net/


%% Created for André Leite at 2011-02-28 15:29:52 -0300 


%% Saved with string encoding Western (ISO Latin 1) 


@comment{jabref-meta: selector_journal:Annales Françaises d'Anesthésie  et de Réanimation;Circulation;Contemporary Physics;Journal of Enginee ring Mathematics;Mathematical and Computer Modelling;Nonlinear Phenome na in Complex Systems;Pathologie-Biologie;Physica A;{IEEE} Computers i n Cardiology;}
@comment{jabref-meta: selector_publisher:\\emph{Vade Mecum};Addison-We sley;Editora Guanabara;Editora Universitária da UFPE;Perseus Books;Pin guin  Books;Springer;Srpinger-Verlag;Vade Mecum;}



@book{TrombaMarsden2003,
	Address = {New York},
	Author = {Tromba, Anthony J. and Marsden, Jerrold E.},
	Date-Added = {2011-02-28 15:28:16 -0300},
	Date-Modified = {2011-02-28 15:29:51 -0300},
	Edition = {5},
	Publisher = {Freeman},
	Title = {Vector Calculus},
	Year = {2003}}

@book{HillierLieberman2010,
	Address = {S{\~a}o Paulo},
	Author = {Hillier, Frederick S. and Lierberman, Gerald J. },
	Date-Added = {2011-02-28 14:59:49 -0300},
	Date-Modified = {2011-02-28 15:02:21 -0300},
	Edition = {8},
	Publisher = {Mc{G}raw-{H}ill},
	Title = {Introdu{\c c}{\~a}o {\`a} pesquisa operacional},
	Year = {2010}}

@book{intriligator1971,
	Address = {London},
	Author = {Intriligator, Michael D.},
	Date-Added = {2011-02-28 11:13:43 -0300},
	Date-Modified = {2011-02-28 11:15:07 -0300},
	Publisher = {Prentice-{H}all},
	Title = {Mathematical optimization and economic theory},
	Year = {1971}}

@book{gale1960,
	Address = {New York},
	Author = {Gale, D.},
	Date-Added = {2009-07-31 15:58:25 -0300},
	Date-Modified = {2009-07-31 15:59:26 -0300},
	Publisher = {Mc{G}raw-{H}ill},
	Title = {The theory of linear economic models},
	Year = {1960}}

@book{luceraiffa1957,
	Address = {New York},
	Author = {Luce, R. Duncan and Raiffa, Howard},
	Date-Added = {2009-07-31 10:19:02 -0300},
	Date-Modified = {2009-07-31 10:20:01 -0300},
	Publisher = {Dover Publications},
	Title = {Games and decisions},
	Year = {1957}}

@book{gibbons1992,
	Address = {Princeton},
	Author = {Gibbons, R.},
	Date-Added = {2009-07-31 09:51:24 -0300},
	Date-Modified = {2009-07-31 09:51:24 -0300},
	Publisher = {Princeton University Press},
	Title = {Game theory for applied economist},
	Year = {1992}}

@book{kreps1990,
	Address = {Princeton},
	Author = {Kreps, D. M.},
	Date-Added = {2009-07-31 09:51:24 -0300},
	Date-Modified = {2009-07-31 09:51:24 -0300},
	Publisher = {Princeton University Press},
	Title = {A course in microeconomic theory},
	Year = {1990}}

@book{mascolelletall1995,
	Address = {Oxford},
	Author = {Mas-{C}olell, A and Whinston, N. D. and Green, J. R.},
	Date-Added = {2009-07-31 09:51:24 -0300},
	Date-Modified = {2009-07-31 09:54:34 -0300},
	Publisher = {Oxford University Press},
	Title = {Microeconomic theory},
	Year = {1995}}

@book{kolmogorov1999,
	Address = {New York},
	Date-Added = {2009-07-31 08:52:53 -0300},
	Date-Modified = {2009-07-31 08:56:13 -0300},
	Editor = {Aleksandrov, A. D. and Kolmogorov, A. N. and Lavrent'ev, M. A.},
	Publisher = {Dover Publications},
	Title = {Mathematics: its contents, methods and meaning},
	Year = {1999}}

@book{acher1965,
	Address = {Paris},
	Author = {Acher, Jean},
	Date-Added = {2009-07-31 08:51:14 -0300},
	Date-Modified = {2009-07-31 08:52:47 -0300},
	Publisher = {Dunod},
	Title = {Alg{\`e}bre lin{\'e}aire et programmation lin{\'e}aire},
	Year = {1965}}

@book{strang1976,
	Address = {New York},
	Author = {Strang, Gilbert},
	Date-Added = {2009-07-31 08:48:17 -0300},
	Date-Modified = {2009-07-31 08:49:57 -0300},
	Publisher = {Academic Press},
	Title = {Linear algebra and its applications},
	Year = {1976}}

@mastersthesis{cunha2004,
	Address = {Recife},
	Author = {Cunha, Marc{\'\i}lio Jos{\'e} Bezerra},
	Date-Added = {2008-12-15 23:56:24 -0300},
	Date-Modified = {2008-12-29 20:21:49 -0300},
	School = {Universidade Federal de Pernambuco},
	Title = {{\`A} tomada de decis{\~a}o no planejamento estrat{\'e}gico: o caso do aeroporto industrial},
	Type = {Disserta{\c c}{\~a}o (PPGEP)},
	Year = {2004}}

@mastersthesis{diogo2003,
	Address = {Recife},
	Author = {Bezerra, Diogo de Carvalho},
	Date-Added = {2008-12-15 23:54:33 -0300},
	Date-Modified = {2008-12-29 20:21:17 -0300},
	School = {Universidade Federal de Pernambuco},
	Title = {Carteira de investimento usando a teoria da decis{\~a}o},
	Type = {Disserta{\c c}{\~a}o (PPGEP)},
	Year = {2003}}

@mastersthesis{alane2002,
	Address = {Recife},
	Author = {Silva, Alane Alves},
	Date-Added = {2008-12-15 23:52:52 -0300},
	Date-Modified = {2008-12-29 20:20:58 -0300},
	School = {Universidade Federal de Pernambuco},
	Title = {Teoria da decis{\~a}o em cardiologia},
	Type = {Disserta{\c c}{\~a}o (PPGEP)},
	Year = {2002}}

@article{barzilai2005,
	Author = {Barzilai, Jonathan},
	Date-Added = {2008-12-15 18:41:50 -0300},
	Date-Modified = {2008-12-15 18:43:30 -0300},
	Journal = {International Transactions in Operational Research},
	Pages = {173 -- 183},
	Title = {Measurement and preference function modelling},
	Volume = {12},
	Year = {2005},
	Bdsk-File-1 = {YnBsaXN0MDDUAQIDBAUIJidUJHRvcFgkb2JqZWN0c1gkdmVyc2lvblkkYXJjaGl2ZXLRBgdUcm9vdIABqAkKFRYXGyIjVSRudWxs0wsMDQ4RFFpOUy5vYmplY3RzV05TLmtleXNWJGNsYXNzog8QgASABqISE4ACgAOAB1lhbGlhc0RhdGFccmVsYXRpdmVQYXRo0hgNGRpXTlMuZGF0YU8RAVgAAAAAAVgAAgAABE1pbGsAAAAAAAAAAAAAAAAAAAAAAAAAAAAAAMIjW8ZIKwAAAEWF3QxCYXJ6aWxhaS5wZGYAAAAAAAAAAAAAAAAAAAAAAAAAAAAAAAAAAAAAAAAAAAAAAAAAAAAAAAAAAAAAAAAAAAAAeokAxWknkAAAAAAAAAAAAAMAAgAACSAAAAAAAAAAAAAAAAAAAAAJRG93bmxvYWRzAAAQAAgAAMIjhfYAAAARAAgAAMVpUcAAAAABAAwARYXdAAfYwAAAbxkAAgAmTWlsazpVc2VyczptaWxrOkRvd25sb2FkczpCYXJ6aWxhaS5wZGYADgAaAAwAQgBhAHIAegBpAGwAYQBpAC4AcABkAGYADwAKAAQATQBpAGwAawASACFVc2Vycy9taWxrL0Rvd25sb2Fkcy9CYXJ6aWxhaS5wZGYAABMAAS8AABUAAgAL//8AAIAF0hwdHh9YJGNsYXNzZXNaJGNsYXNzbmFtZaMfICFdTlNNdXRhYmxlRGF0YVZOU0RhdGFYTlNPYmplY3RfEB8uLi8uLi8uLi9Eb3dubG9hZHMvQmFyemlsYWkucGRm0hwdJCWiJSFcTlNEaWN0aW9uYXJ5EgABhqBfEA9OU0tleWVkQXJjaGl2ZXIACAARABYAHwAoADIANQA6ADwARQBLAFIAXQBlAGwAbwBxAHMAdgB4AHoAfACGAJMAmACgAfwB/gIDAgwCFwIbAikCMAI5AlsCYAJjAnACdQAAAAAAAAIBAAAAAAAAACgAAAAAAAAAAAAAAAAAAAKH}}

@article{morvan1999,
	Author = {Morvan, M and Baldy, P.},
	Date-Added = {2008-12-10 10:49:18 -0300},
	Date-Modified = {2008-12-10 10:51:13 -0300},
	Journal = {Order},
	Pages = {305 --312},
	Title = {Extending a partially ordered set: links with its lattice of ideals},
	Volume = {16},
	Year = {1999},
	Bdsk-File-1 = {YnBsaXN0MDDUAQIDBAUIJidUJHRvcFgkb2JqZWN0c1gkdmVyc2lvblkkYXJjaGl2ZXLRBgdUcm9vdIABqAkKFRYXGyIjVSRudWxs0wsMDQ4RFFpOUy5vYmplY3RzV05TLmtleXNWJGNsYXNzog8QgASABqISE4ACgAOAB1lhbGlhc0RhdGFccmVsYXRpdmVQYXRo0hgNGRpXTlMuZGF0YU8RAXAAAAAAAXAAAgAADE1hY2ludG9zaCBIRAAAAAAAAAAAAAAAAAAAAMarUcZIKwAAAAf5WQxmdWxsdGV4dC5wZGYAAAAAAAAAAAAAAAAAAAAAAAAAAAAAAAAAAAAAAAAAAAAAAAAAAAAAAAAAAAAAAAAAAAAA7fHOyKaQ7wAAAAAAAAAAAAUAAgAACSAAAAAAAAAAAAAAAAAAAAAJRG93bmxvYWRzAAAQAAgAAMare/YAAAARAAgAAMimux8AAAABAAwAB/lZAAf5SQAAkOcAAgAuTWFjaW50b3NoIEhEOlVzZXJzOm1pbGs6RG93bmxvYWRzOmZ1bGx0ZXh0LnBkZgAOABoADABmAHUAbABsAHQAZQB4AHQALgBwAGQAZgAPABoADABNAGEAYwBpAG4AdABvAHMAaAAgAEgARAASACFVc2Vycy9taWxrL0Rvd25sb2Fkcy9mdWxsdGV4dC5wZGYAABMAAS8AABUAAgAL//8AAIAF0hwdHh9YJGNsYXNzZXNaJGNsYXNzbmFtZaMfICFdTlNNdXRhYmxlRGF0YVZOU0RhdGFYTlNPYmplY3RfECUuLi8uLi8uLi8uLi8uLi9Eb3dubG9hZHMvZnVsbHRleHQucGRm0hwdJCWiJSFcTlNEaWN0aW9uYXJ5EgABhqBfEA9OU0tleWVkQXJjaGl2ZXIACAARABYAHwAoADIANQA6ADwARQBLAFIAXQBlAGwAbwBxAHMAdgB4AHoAfACGAJMAmACgAhQCFgIbAiQCLwIzAkECSAJRAnkCfgKBAo4CkwAAAAAAAAIBAAAAAAAAACgAAAAAAAAAAAAAAAAAAAKl}}

@article{brightwell1989,
	Author = {Brightwell, Graham R.},
	Date-Added = {2008-12-10 10:44:31 -0300},
	Date-Modified = {2008-12-10 10:47:57 -0300},
	Journal = {Order},
	Pages = {369 -- 380},
	Title = {Semiorders and the $\nicefrac{1}{3}$---$\nicefrac{2}{3}$ conjecture},
	Volume = {5},
	Year = {1989},
	Bdsk-File-1 = {YnBsaXN0MDDUAQIDBAUIJidUJHRvcFgkb2JqZWN0c1gkdmVyc2lvblkkYXJjaGl2ZXLRBgdUcm9vdIABqAkKFRYXGyIjVSRudWxs0wsMDQ4RFFpOUy5vYmplY3RzV05TLmtleXNWJGNsYXNzog8QgASABqISE4ACgAOAB1lhbGlhc0RhdGFccmVsYXRpdmVQYXRo0hgNGRpXTlMuZGF0YU8RAW4AAAAAAW4AAgAABE1pbGsAAAAAAAAAAAAAAAAAAAAAAAAAAAAAAMIjW8ZIKwAAAEabsA5mdWxsdGV4dDMyLnBkZgAAAAAAAAAAAAAAAAAAAAAAAAAAAAAAAAAAAAAAAAAAAAAAAAAAAAAAAAAAAAAAAAAATFYqxCLiyAAAAAAAAAAAAAQAAwAACSAAAAAAAAAAAAAAAAAAAAAHQXJ0aWdvcwAAEAAIAADCI4X2AAAAEQAIAADEIwz4AAAAAQAQAEabsAAH2MsAB9jAAABvGQACAC5NaWxrOlVzZXJzOm1pbGs6RGVza3RvcDpBcnRpZ29zOmZ1bGx0ZXh0MzIucGRmAA4AHgAOAGYAdQBsAGwAdABlAHgAdAAzADIALgBwAGQAZgAPAAoABABNAGkAbABrABIAKVVzZXJzL21pbGsvRGVza3RvcC9BcnRpZ29zL2Z1bGx0ZXh0MzIucGRmAAATAAEvAAAVAAIAC///AACABdIcHR4fWCRjbGFzc2VzWiRjbGFzc25hbWWjHyAhXU5TTXV0YWJsZURhdGFWTlNEYXRhWE5TT2JqZWN0XxAqLi4vLi4vLi4vLi4vRGVza3RvcC9BcnRpZ29zL2Z1bGx0ZXh0MzIucGRm0hwdJCWiJSFcTlNEaWN0aW9uYXJ5EgABhqBfEA9OU0tleWVkQXJjaGl2ZXIACAARABYAHwAoADIANQA6ADwARQBLAFIAXQBlAGwAbwBxAHMAdgB4AHoAfACGAJMAmACgAhICFAIZAiICLQIxAj8CRgJPAnwCgQKEApEClgAAAAAAAAIBAAAAAAAAACgAAAAAAAAAAAAAAAAAAAKo}}

@article{lasser1961,
	Author = {Lasser, Daniel J.},
	Date-Added = {2008-12-10 09:31:11 -0300},
	Date-Modified = {2008-12-10 09:32:44 -0300},
	Journal = {Communications of the {ACM}},
	Number = {4},
	Pages = {167 -- 168},
	Title = {Topological ordering of a list of randomly-numbered elements of a network},
	Volume = {4},
	Year = {1961},
	Bdsk-File-1 = {YnBsaXN0MDDUAQIDBAUIJidUJHRvcFgkb2JqZWN0c1gkdmVyc2lvblkkYXJjaGl2ZXLRBgdUcm9vdIABqAkKFRYXGyIjVSRudWxs0wsMDQ4RFFpOUy5vYmplY3RzV05TLmtleXNWJGNsYXNzog8QgASABqISE4ACgAOAB1lhbGlhc0RhdGFccmVsYXRpdmVQYXRo0hgNGRpXTlMuZGF0YU8RAXIAAAAAAXIAAgAABE1pbGsAAAAAAAAAAAAAAAAAAAAAAAAAAAAAAMIjW8ZIKwAAAEabsA9wMTY3LWxhc3Nlci5wZGYAAAAAAAAAAAAAAAAAAAAAAAAAAAAAAAAAAAAAAAAAAAAAAAAAAAAAAAAAAAAAAAAAeZBRxWU5HAAAAAAAAAAAAAQAAwAACSAAAAAAAAAAAAAAAAAAAAAHQXJ0aWdvcwAAEAAIAADCI4X2AAAAEQAIAADFZWNMAAAAAQAQAEabsAAH2MsAB9jAAABvGQACAC9NaWxrOlVzZXJzOm1pbGs6RGVza3RvcDpBcnRpZ29zOnAxNjctbGFzc2VyLnBkZgAADgAgAA8AcAAxADYANwAtAGwAYQBzAHMAZQByAC4AcABkAGYADwAKAAQATQBpAGwAawASACpVc2Vycy9taWxrL0Rlc2t0b3AvQXJ0aWdvcy9wMTY3LWxhc3Nlci5wZGYAEwABLwAAFQACAAv//wAAgAXSHB0eH1gkY2xhc3Nlc1okY2xhc3NuYW1lox8gIV1OU011dGFibGVEYXRhVk5TRGF0YVhOU09iamVjdF8QKy4uLy4uLy4uLy4uL0Rlc2t0b3AvQXJ0aWdvcy9wMTY3LWxhc3Nlci5wZGbSHB0kJaIlIVxOU0RpY3Rpb25hcnkSAAGGoF8QD05TS2V5ZWRBcmNoaXZlcgAIABEAFgAfACgAMgA1ADoAPABFAEsAUgBdAGUAbABvAHEAcwB2AHgAegB8AIYAkwCYAKACFgIYAh0CJgIxAjUCQwJKAlMCgQKGAokClgKbAAAAAAAAAgEAAAAAAAAAKAAAAAAAAAAAAAAAAAAAAq0=}}

@article{kahn1962,
	Author = {Kahn, A. B.},
	Date-Added = {2008-12-10 09:24:41 -0300},
	Date-Modified = {2008-12-10 09:30:47 -0300},
	Journal = {Communications of the {ACM}},
	Number = {11},
	Pages = {558 -- 562},
	Title = {Topological sorting of large networks},
	Volume = {5},
	Year = {1962},
	Bdsk-File-1 = {YnBsaXN0MDDUAQIDBAUIJidUJHRvcFgkb2JqZWN0c1gkdmVyc2lvblkkYXJjaGl2ZXLRBgdUcm9vdIABqAkKFRYXGyIjVSRudWxs0wsMDQ4RFFpOUy5vYmplY3RzV05TLmtleXNWJGNsYXNzog8QgASABqISE4ACgAOAB1lhbGlhc0RhdGFccmVsYXRpdmVQYXRo0hgNGRpXTlMuZGF0YU8RAWoAAAAAAWoAAgAABE1pbGsAAAAAAAAAAAAAAAAAAAAAAAAAAAAAAMIjW8ZIKwAAAEabsA1wNTU4LWthaG4ucGRmAAAAAAAAAAAAAAAAAAAAAAAAAAAAAAAAAAAAAAAAAAAAAAAAAAAAAAAAAAAAAAAAAAAAeZAhxWU4lQAAAAAAAAAAAAQAAwAACSAAAAAAAAAAAAAAAAAAAAAHQXJ0aWdvcwAAEAAIAADCI4X2AAAAEQAIAADFZWLFAAAAAQAQAEabsAAH2MsAB9jAAABvGQACAC1NaWxrOlVzZXJzOm1pbGs6RGVza3RvcDpBcnRpZ29zOnA1NTgta2Fobi5wZGYAAA4AHAANAHAANQA1ADgALQBrAGEAaABuAC4AcABkAGYADwAKAAQATQBpAGwAawASAChVc2Vycy9taWxrL0Rlc2t0b3AvQXJ0aWdvcy9wNTU4LWthaG4ucGRmABMAAS8AABUAAgAL//8AAIAF0hwdHh9YJGNsYXNzZXNaJGNsYXNzbmFtZaMfICFdTlNNdXRhYmxlRGF0YVZOU0RhdGFYTlNPYmplY3RfECkuLi8uLi8uLi8uLi9EZXNrdG9wL0FydGlnb3MvcDU1OC1rYWhuLnBkZtIcHSQloiUhXE5TRGljdGlvbmFyeRIAAYagXxAPTlNLZXllZEFyY2hpdmVyAAgAEQAWAB8AKAAyADUAOgA8AEUASwBSAF0AZQBsAG8AcQBzAHYAeAB6AHwAhgCTAJgAoAIOAhACFQIeAikCLQI7AkICSwJ3AnwCfwKMApEAAAAAAAACAQAAAAAAAAAoAAAAAAAAAAAAAAAAAAACow==}}

@techreport{jarnagin1960,
	Address = {Dahlgren, Virginia},
	Author = {Jarnagin, M. P.},
	Date-Added = {2008-12-10 09:22:11 -0300},
	Date-Modified = {2008-12-10 09:24:03 -0300},
	Institution = {{U. S.} Naval Weapons Laboratory},
	Number = {K-24/60},
	Title = {Automatic machine methods of testing {PERT} networks for consistency},
	Type = {Technical Memorandum},
	Year = {1960}}

@book{stanley1972,
	Address = {New York},
	Author = {Stanley, Richard P.},
	Date-Added = {2008-12-09 15:51:54 -0300},
	Date-Modified = {2008-12-09 15:53:46 -0300},
	Publisher = {American Mathematical Society},
	Series = {Memoirs of the American Mathematical Society},
	Title = {Ordered structures and partitions},
	Year = {1972},
	Bdsk-File-1 = {YnBsaXN0MDDUAQIDBAUIJidUJHRvcFgkb2JqZWN0c1gkdmVyc2lvblkkYXJjaGl2ZXLRBgdUcm9vdIABqAkKFRYXGyIjVSRudWxs0wsMDQ4RFFpOUy5vYmplY3RzV05TLmtleXNWJGNsYXNzog8QgASABqISE4ACgAOAB1lhbGlhc0RhdGFccmVsYXRpdmVQYXRo0hgNGRpXTlMuZGF0YU8RAVQAAAAAAVQAAgAADE1hY2ludG9zaCBIRAAAAAAAAAAAAAAAAAAAAMarUcZIKwAAAAf5WQU5LnBkZgAAAAAAAAAAAAAAAAAAAAAAAAAAAAAAAAAAAAAAAAAAAAAAAAAAAAAAAAAAAAAAAAAAAAAAAAAAAAABC88eyMEgSgAAAAAAAAAAAAUAAgAACSAAAAAAAAAAAAAAAAAAAAAJRG93bmxvYWRzAAAQAAgAAMare/YAAAARAAgAAMjBSnoAAAABAAwAB/lZAAf5SQAAkOcAAgAnTWFjaW50b3NoIEhEOlVzZXJzOm1pbGs6RG93bmxvYWRzOjkucGRmAAAOAAwABQA5AC4AcABkAGYADwAaAAwATQBhAGMAaQBuAHQAbwBzAGgAIABIAEQAEgAaVXNlcnMvbWlsay9Eb3dubG9hZHMvOS5wZGYAEwABLwAAFQACAAv//wAAgAXSHB0eH1gkY2xhc3Nlc1okY2xhc3NuYW1lox8gIV1OU011dGFibGVEYXRhVk5TRGF0YVhOU09iamVjdF8QHi4uLy4uLy4uLy4uLy4uL0Rvd25sb2Fkcy85LnBkZtIcHSQloiUhXE5TRGljdGlvbmFyeRIAAYagXxAPTlNLZXllZEFyY2hpdmVyAAgAEQAWAB8AKAAyADUAOgA8AEUASwBSAF0AZQBsAG8AcQBzAHYAeAB6AHwAhgCTAJgAoAH4AfoB/wIIAhMCFwIlAiwCNQJWAlsCXgJrAnAAAAAAAAACAQAAAAAAAAAoAAAAAAAAAAAAAAAAAAACgg==}}

@article{edelman1989,
	Author = {Edelman, Paul and Hibi, Takayuki and Stanley, Richard P.},
	Date-Added = {2008-12-09 12:32:56 -0300},
	Date-Modified = {2008-12-09 12:34:43 -0300},
	Journal = {Order},
	Pages = {15--18},
	Title = {A recurrence for linear extensions},
	Volume = {6},
	Year = {1989},
	Bdsk-File-1 = {YnBsaXN0MDDUAQIDBAUIJidUJHRvcFgkb2JqZWN0c1gkdmVyc2lvblkkYXJjaGl2ZXLRBgdUcm9vdIABqAkKFRYXGyIjVSRudWxs0wsMDQ4RFFpOUy5vYmplY3RzV05TLmtleXNWJGNsYXNzog8QgASABqISE4ACgAOAB1lhbGlhc0RhdGFccmVsYXRpdmVQYXRo0hgNGRpXTlMuZGF0YU8RAUAAAAAAAUAAAgAABE1pbGsAAAAAAAAAAAAAAAAAAAAAAAAAAAAAAMIjW8ZIKwAAAEWF3QY4MS5wZGYAAAAAAAAAAAAAAAAAAAAAAAAAAAAAAAAAAAAAAAAAAAAAAAAAAAAAAAAAAAAAAAAAAAAAAAAAAAAAdFrcxVGFrQAAAAAAAAAAAAQAAgAACSAAAAAAAAAAAAAAAAAAAAAJRG93bmxvYWRzAAAQAAgAAMIjhfYAAAARAAgAAMVRr90AAAABAAwARYXdAAfYwAAAbxkAAgAgTWlsazpVc2VyczptaWxrOkRvd25sb2Fkczo4MS5wZGYADgAOAAYAOAAxAC4AcABkAGYADwAKAAQATQBpAGwAawASABtVc2Vycy9taWxrL0Rvd25sb2Fkcy84MS5wZGYAABMAAS8AABUAAgAL//8AAIAF0hwdHh9YJGNsYXNzZXNaJGNsYXNzbmFtZaMfICFdTlNNdXRhYmxlRGF0YVZOU0RhdGFYTlNPYmplY3RfEBwuLi8uLi8uLi8uLi9Eb3dubG9hZHMvODEucGRm0hwdJCWiJSFcTlNEaWN0aW9uYXJ5EgABhqBfEA9OU0tleWVkQXJjaGl2ZXIACAARABYAHwAoADIANQA6ADwARQBLAFIAXQBlAGwAbwBxAHMAdgB4AHoAfACGAJMAmACgAeQB5gHrAfQB/wIDAhECGAIhAkACRQJIAlUCWgAAAAAAAAIBAAAAAAAAACgAAAAAAAAAAAAAAAAAAAJs}}

@article{sidorenko1981,
	Author = {Sidorenko, A. F.},
	Date-Added = {2008-12-09 12:27:31 -0300},
	Date-Modified = {2008-12-09 19:25:18 -0300},
	Journal = {Mathematical Notes},
	Note = {Traduzido de \textit{Mathematicheskie Zametki}, vol. 29, n. 1, pp.~75--82, Jan., 1981},
	Number = {1},
	Pages = {40 -44},
	Title = {Number of admissible linear orderings of a partially ordered set as a function of its incomparability graph},
	Volume = {29},
	Year = {1981},
	Bdsk-File-1 = {YnBsaXN0MDDUAQIDBAUIJidUJHRvcFgkb2JqZWN0c1gkdmVyc2lvblkkYXJjaGl2ZXLRBgdUcm9vdIABqAkKFRYXGyIjVSRudWxs0wsMDQ4RFFpOUy5vYmplY3RzV05TLmtleXNWJGNsYXNzog8QgASABqISE4ACgAOAB1lhbGlhc0RhdGFccmVsYXRpdmVQYXRo0hgNGRpXTlMuZGF0YU8RAW4AAAAAAW4AAgAABE1pbGsAAAAAAAAAAAAAAAAAAAAAAAAAAAAAAMIjW8ZIKwAAAEabsA5mdWxsdGV4dDExLnBkZgAAAAAAAAAAAAAAAAAAAAAAAAAAAAAAAAAAAAAAAAAAAAAAAAAAAAAAAAAAAAAAAAAATFYDxCLh8wAAAAAAAAAAAAQAAwAACSAAAAAAAAAAAAAAAAAAAAAHQXJ0aWdvcwAAEAAIAADCI4X2AAAAEQAIAADEIwwjAAAAAQAQAEabsAAH2MsAB9jAAABvGQACAC5NaWxrOlVzZXJzOm1pbGs6RGVza3RvcDpBcnRpZ29zOmZ1bGx0ZXh0MTEucGRmAA4AHgAOAGYAdQBsAGwAdABlAHgAdAAxADEALgBwAGQAZgAPAAoABABNAGkAbABrABIAKVVzZXJzL21pbGsvRGVza3RvcC9BcnRpZ29zL2Z1bGx0ZXh0MTEucGRmAAATAAEvAAAVAAIAC///AACABdIcHR4fWCRjbGFzc2VzWiRjbGFzc25hbWWjHyAhXU5TTXV0YWJsZURhdGFWTlNEYXRhWE5TT2JqZWN0XxAqLi4vLi4vLi4vLi4vRGVza3RvcC9BcnRpZ29zL2Z1bGx0ZXh0MTEucGRm0hwdJCWiJSFcTlNEaWN0aW9uYXJ5EgABhqBfEA9OU0tleWVkQXJjaGl2ZXIACAARABYAHwAoADIANQA6ADwARQBLAFIAXQBlAGwAbwBxAHMAdgB4AHoAfACGAJMAmACgAhICFAIZAiICLQIxAj8CRgJPAnwCgQKEApEClgAAAAAAAAIBAAAAAAAAACgAAAAAAAAAAAAAAAAAAAKo}}

@article{szpilrajn1930,
	Author = {Szpilrajn, Edward},
	Date-Added = {2008-12-09 12:15:49 -0300},
	Date-Modified = {2008-12-09 12:17:47 -0300},
	Journal = {Fundamenta Mathematic\ae},
	Pages = {386 -- 389},
	Title = {Sur l'extension de l'ordre partiel},
	Volume = {16},
	Year = {1930},
	Bdsk-File-1 = {YnBsaXN0MDDUAQIDBAUIJidUJHRvcFgkb2JqZWN0c1gkdmVyc2lvblkkYXJjaGl2ZXLRBgdUcm9vdIABqAkKFRYXGyIjVSRudWxs0wsMDQ4RFFpOUy5vYmplY3RzV05TLmtleXNWJGNsYXNzog8QgASABqISE4ACgAOAB1lhbGlhc0RhdGFccmVsYXRpdmVQYXRo0hgNGRpXTlMuZGF0YU8RAVQAAAAAAVQAAgAABE1pbGsAAAAAAAAAAAAAAAAAAAAAAAAAAAAAAMIjW8ZIKwAAAEWF3QtmbTE2MTI1LnBkZgAAAAAAAAAAAAAAAAAAAAAAAAAAAAAAAAAAAAAAAAAAAAAAAAAAAAAAAAAAAAAAAAAAAAAAeTDuxWQR8gAAAAAAAAAAAAQAAgAACSAAAAAAAAAAAAAAAAAAAAAJRG93bmxvYWRzAAAQAAgAAMIjhfYAAAARAAgAAMVkPCIAAAABAAwARYXdAAfYwAAAbxkAAgAlTWlsazpVc2VyczptaWxrOkRvd25sb2FkczpmbTE2MTI1LnBkZgAADgAYAAsAZgBtADEANgAxADIANQAuAHAAZABmAA8ACgAEAE0AaQBsAGsAEgAgVXNlcnMvbWlsay9Eb3dubG9hZHMvZm0xNjEyNS5wZGYAEwABLwAAFQACAAv//wAAgAXSHB0eH1gkY2xhc3Nlc1okY2xhc3NuYW1lox8gIV1OU011dGFibGVEYXRhVk5TRGF0YVhOU09iamVjdF8QIS4uLy4uLy4uLy4uL0Rvd25sb2Fkcy9mbTE2MTI1LnBkZtIcHSQloiUhXE5TRGljdGlvbmFyeRIAAYagXxAPTlNLZXllZEFyY2hpdmVyAAgAEQAWAB8AKAAyADUAOgA8AEUASwBSAF0AZQBsAG8AcQBzAHYAeAB6AHwAhgCTAJgAoAH4AfoB/wIIAhMCFwIlAiwCNQJZAl4CYQJuAnMAAAAAAAACAQAAAAAAAAAoAAAAAAAAAAAAAAAAAAAChQ==}}

@book{birkhoff1948,
	Address = {New York},
	Author = {Birkhoff, Garrett},
	Date-Added = {2008-12-08 15:28:19 -0300},
	Date-Modified = {2008-12-08 15:30:05 -0300},
	Publisher = {American Mathematical Society},
	Title = {Lattice theory},
	Year = {1948}}

@book{davey1990,
	Address = {New York},
	Author = {Davey, B. A. and Priestley, H. A.},
	Date-Added = {2008-12-08 15:23:33 -0300},
	Date-Modified = {2008-12-08 15:25:19 -0300},
	Publisher = {Cambridge},
	Title = {Introduction to lattices and order},
	Year = {1990}}

@article{stevens1946,
	Author = {Stevens, Stanley Stevens},
	Date-Added = {2008-12-07 21:36:16 -0300},
	Date-Modified = {2008-12-07 21:39:49 -0300},
	Journal = {Science},
	Number = {2684},
	Pages = {677 -- 680},
	Title = {On the theory of scales of measurement},
	Volume = {103},
	Year = {1946},
	Bdsk-File-1 = {YnBsaXN0MDDUAQIDBAUIJidUJHRvcFgkb2JqZWN0c1gkdmVyc2lvblkkYXJjaGl2ZXLRBgdUcm9vdIABqAkKFRYXGyIjVSRudWxs0wsMDQ4RFFpOUy5vYmplY3RzV05TLmtleXNWJGNsYXNzog8QgASABqISE4ACgAOAB1lhbGlhc0RhdGFccmVsYXRpdmVQYXRo0hgNGRpXTlMuZGF0YU8RAVIAAAAAAVIAAgAABE1pbGsAAAAAAAAAAAAAAAAAAAAAAAAAAAAAAMIjW8ZIKwAAAEabsAc2NzcucGRmAAAAAAAAAAAAAAAAAAAAAAAAAAAAAAAAAAAAAAAAAAAAAAAAAAAAAAAAAAAAAAAAAAAAAAAAAAAAeNORxWHx4wAAAAAAAAAAAAQAAwAACSAAAAAAAAAAAAAAAAAAAAAHQXJ0aWdvcwAAEAAIAADCI4X2AAAAEQAIAADFYhwTAAAAAQAQAEabsAAH2MsAB9jAAABvGQACACdNaWxrOlVzZXJzOm1pbGs6RGVza3RvcDpBcnRpZ29zOjY3Ny5wZGYAAA4AEAAHADYANwA3AC4AcABkAGYADwAKAAQATQBpAGwAawASACJVc2Vycy9taWxrL0Rlc2t0b3AvQXJ0aWdvcy82NzcucGRmABMAAS8AABUAAgAL//8AAIAF0hwdHh9YJGNsYXNzZXNaJGNsYXNzbmFtZaMfICFdTlNNdXRhYmxlRGF0YVZOU0RhdGFYTlNPYmplY3RfECMuLi8uLi8uLi8uLi9EZXNrdG9wL0FydGlnb3MvNjc3LnBkZtIcHSQloiUhXE5TRGljdGlvbmFyeRIAAYagXxAPTlNLZXllZEFyY2hpdmVyAAgAEQAWAB8AKAAyADUAOgA8AEUASwBSAF0AZQBsAG8AcQBzAHYAeAB6AHwAhgCTAJgAoAH2AfgB/QIGAhECFQIjAioCMwJZAl4CYQJuAnMAAAAAAAACAQAAAAAAAAAoAAAAAAAAAAAAAAAAAAAChQ==}}

@book{angeles1992,
	Address = {New York},
	Author = {Angeles, Peter A.},
	Date-Added = {2008-12-07 17:10:07 -0300},
	Date-Modified = {2008-12-07 17:13:11 -0300},
	Publisher = {HaperCollins},
	Title = {The {H}arper{C}ollins dictionary of philosophy},
	Year = {1992}}

@book{samuelson1973,
	Address = {New York},
	Author = {Samuelson, Paul Anthony},
	Date-Added = {2008-12-07 16:32:26 -0300},
	Date-Modified = {2008-12-07 16:34:03 -0300},
	Edition = {9},
	Publisher = {Mc{G}raw-{H}ill},
	Title = {Economics},
	Year = {1973}}

@book{chankong1983,
	Address = {Amsterdam},
	Author = {Chankong, Vira and Haimes, Yacov Y.},
	Date-Added = {2008-12-03 18:25:57 -0300},
	Date-Modified = {2008-12-03 18:28:52 -0300},
	Publisher = {North-Holland},
	Title = {Multiobjective decision making: theory and methodology},
	Year = {1983},
	Bdsk-File-1 = {YnBsaXN0MDDUAQIDBAUIJidUJHRvcFgkb2JqZWN0c1gkdmVyc2lvblkkYXJjaGl2ZXLRBgdUcm9vdIABqAkKFRYXGyIjVSRudWxs0wsMDQ4RFFpOUy5vYmplY3RzV05TLmtleXNWJGNsYXNzog8QgASABqISE4ACgAOAB1lhbGlhc0RhdGFccmVsYXRpdmVQYXRo0hgNGRpXTlMuZGF0YU8RAgQAAAAAAgQAAgAABE1pbGsAAAAAAAAAAAAAAAAAAAAAAAAAAAAAAMIjW8ZIKwAAAHPMTh9NdWx0aW9iamVjdGl2ZSBEZWNpcyM3NUNGOEIucGRmAAAAAAAAAAAAAAAAAAAAAAAAAAAAAAAAAAAAAAAAAAAAdc+LxJcysAAAAAAAAAAAAAQAAwAACSAAAAAAAAAAAAAAAAAAAAAHRGVza3RvcAAAEAAIAADCI4X2AAAAEQAIAADEl1zgAAAAAQAQAHPMTgAH2MsAB9jAAABvGQACAD9NaWxrOlVzZXJzOm1pbGs6RGVza3RvcDpEZXNrdG9wOk11bHRpb2JqZWN0aXZlIERlY2lzIzc1Q0Y4Qi5wZGYAAA4AdgA6AE0AdQBsAHQAaQBvAGIAagBlAGMAdABpAHYAZQAgAEQAZQBjAGkAcwBpAG8AbgAgAE0AYQBrAGkAbgBnACwAIABUAGgAZQBvAHIAeQAgAEEAbgBkACAATQBlAHQAaABvAGQAbwBsAG8AZwB5AC4AcABkAGYADwAKAAQATQBpAGwAawASAFVVc2Vycy9taWxrL0Rlc2t0b3AvRGVza3RvcC9NdWx0aW9iamVjdGl2ZSBEZWNpc2lvbiBNYWtpbmcsIFRoZW9yeSBBbmQgTWV0aG9kb2xvZ3kucGRmAAATAAEvAAAVAAIAC///AACABdIcHR4fWCRjbGFzc2VzWiRjbGFzc25hbWWjHyAhXU5TTXV0YWJsZURhdGFWTlNEYXRhWE5TT2JqZWN0XxBWLi4vLi4vLi4vLi4vRGVza3RvcC9EZXNrdG9wL011bHRpb2JqZWN0aXZlIERlY2lzaW9uIE1ha2luZywgVGhlb3J5IEFuZCBNZXRob2RvbG9neS5wZGbSHB0kJaIlIVxOU0RpY3Rpb25hcnkSAAGGoF8QD05TS2V5ZWRBcmNoaXZlcgAIABEAFgAfACgAMgA1ADoAPABFAEsAUgBdAGUAbABvAHEAcwB2AHgAegB8AIYAkwCYAKACqAKqAq8CuALDAscC1QLcAuUDPgNDA0YDUwNYAAAAAAAAAgEAAAAAAAAAKAAAAAAAAAAAAAAAAAAAA2o=}}

@article{tversky1969,
	Author = {Tversky, Amos},
	Date-Added = {2008-12-03 09:36:34 -0300},
	Date-Modified = {2008-12-03 09:37:49 -0300},
	Journal = {Psychological Review},
	Number = {1},
	Pages = {31 -- 48},
	Title = {Intransitivity of preferences},
	Volume = {76},
	Year = {1969},
	Bdsk-File-1 = {YnBsaXN0MDDUAQIDBAUIJidUJHRvcFgkb2JqZWN0c1gkdmVyc2lvblkkYXJjaGl2ZXLRBgdUcm9vdIABqAkKFRYXGyIjVSRudWxs0wsMDQ4RFFpOUy5vYmplY3RzV05TLmtleXNWJGNsYXNzog8QgASABqISE4ACgAOAB1lhbGlhc0RhdGFccmVsYXRpdmVQYXRo0hgNGRpXTlMuZGF0YU8RAaYAAAAAAaYAAgAABE1pbGsAAAAAAAAAAAAAAAAAAAAAAAAAAAAAAMIjW8ZIKwAAAHPMThwwMDAwNjgzMi0xOTY5MDEwMDAtMDAwMDMucGRmAAAAAAAAAAAAAAAAAAAAAAAAAAAAAAAAAAAAAAAAAAAAAAAAdp9TxVnw2gAAAAAAAAAAAAQAAwAACSAAAAAAAAAAAAAAAAAAAAAHRGVza3RvcAAAEAAIAADCI4X2AAAAEQAIAADFWhsKAAAAAQAQAHPMTgAH2MsAB9jAAABvGQACADxNaWxrOlVzZXJzOm1pbGs6RGVza3RvcDpEZXNrdG9wOjAwMDA2ODMyLTE5NjkwMTAwMC0wMDAwMy5wZGYADgA6ABwAMAAwADAAMAA2ADgAMwAyAC0AMQA5ADYAOQAwADEAMAAwADAALQAwADAAMAAwADMALgBwAGQAZgAPAAoABABNAGkAbABrABIAN1VzZXJzL21pbGsvRGVza3RvcC9EZXNrdG9wLzAwMDA2ODMyLTE5NjkwMTAwMC0wMDAwMy5wZGYAABMAAS8AABUAAgAL//8AAIAF0hwdHh9YJGNsYXNzZXNaJGNsYXNzbmFtZaMfICFdTlNNdXRhYmxlRGF0YVZOU0RhdGFYTlNPYmplY3RfEDguLi8uLi8uLi8uLi9EZXNrdG9wL0Rlc2t0b3AvMDAwMDY4MzItMTk2OTAxMDAwLTAwMDAzLnBkZtIcHSQloiUhXE5TRGljdGlvbmFyeRIAAYagXxAPTlNLZXllZEFyY2hpdmVyAAgAEQAWAB8AKAAyADUAOgA8AEUASwBSAF0AZQBsAG8AcQBzAHYAeAB6AHwAhgCTAJgAoAJKAkwCUQJaAmUCaQJ3An4ChwLCAscCygLXAtwAAAAAAAACAQAAAAAAAAAoAAAAAAAAAAAAAAAAAAAC7g==}}

@article{Stiggelbout2004,
	Author = {Wakker, Peter and Jansen, Sylvia J. T. and Stiggelbout, Anne M.},
	Date-Added = {2008-12-01 17:29:28 -0300},
	Date-Modified = {2008-12-01 17:31:59 -0300},
	Journal = {Decision Analysis},
	Number = {4},
	Pages = {217 -- 234},
	Title = {Anchor levels as a new tool for the theory and measurement of multiattribute utility},
	Volume = {1},
	Year = {2004}}

@article{Wakker1995,
	Abstract = {The standard-gamble (SG) method has been accepted as the "gold standard" for the elicitation of utility when risk or uncertainty is involved in decisions, and thus for the measurement of utility in medical decisions. It is based on the assumptions of expected-utility theory. Unfortunately, there is now abundant evidence that expected utility is not empirically valid, and that the SG method overestimates risk aversion and the utilities of impaired health states. This paper shows how rank-dependent utility theory, a newly developed theory in decision science, can explain the main violations of expected utility. Thus it provides a means for correcting the SG method and for improving the assessments of quality-adjusted life years for medical decisions in which there is uncertainty about outcomes.},
	Address = {Medical Decision Making Unit, University of Leiden, The Netherlands.},
	Au = {Wakker, P and Stiggelbout, A},
	Author = {Wakker, Peter and Stiggelbout, Anne M.},
	Da = {19950719},
	Date-Added = {2008-12-01 17:18:40 -0300},
	Date-Modified = {2008-12-01 17:32:41 -0300},
	Dcom = {19950719},
	Edat = {1995/04/01},
	Issn = {0272-989X (Print)},
	Jid = {8109073},
	Journal = {Medical Decision Making},
	Jt = {Medical decision making : an international journal of the Society for Medical Decision Making},
	Language = {eng},
	Lr = {20041117},
	Mh = {Bias (Epidemiology); *Choice Behavior; *Decision Trees; Health Status; Humans; Probability; Quality of Life; Reproducibility of Results; *Risk-Taking; *Statistics, Nonparametric; *Treatment Outcome},
	Mhda = {1995/04/01 00:01},
	Number = {2},
	Own = {NLM},
	Pages = {180--186},
	Pl = {UNITED STATES},
	Pmid = {7783579},
	Pst = {ppublish},
	Pt = {Journal Article},
	Pubm = {Print},
	Sb = {IM},
	So = {Med Decis Making. 1995 Apr-Jun;15(2):180-6.},
	Stat = {MEDLINE},
	Title = {Explaining distortions in utility elicitation through the rank-dependent model for risky choices.},
	Volume = {15},
	Year = {1995}}

@article{royvincke1884,
	Author = {Roy, Bernard and Vincke, P.},
	Date-Added = {2008-12-01 16:52:56 -0300},
	Date-Modified = {2008-12-01 16:54:36 -0300},
	Journal = {Management Science},
	Pages = {1323 -- 1335},
	Title = {Relational systems of preferences with one or more pseudo-criteria: some new concepts and results},
	Volume = {30},
	Year = {1984}}

@book{roy1985,
	Address = {Paris},
	Author = {Roy, Bernard},
	Date-Added = {2008-12-01 16:49:44 -0300},
	Date-Modified = {2008-12-01 16:52:17 -0300},
	Publisher = {Economica},
	Title = {M{\'e}thodologie multicrit{\`e}re d'aide {\`a} la d{\'e}cision},
	Year = {1985}}

@book{fudenbergtirole1991,
	Address = {Cambridge},
	Author = {Fudenberg, D. and Tirole, J.},
	Date-Added = {2008-12-01 10:04:55 -0300},
	Date-Modified = {2008-12-01 10:06:09 -0300},
	Publisher = {{MIT} {P}ress},
	Title = {Game theory},
	Year = {1991}}

@book{russell1950,
	Address = {New York},
	Author = {Russell, Bertrand},
	Date-Added = {2008-11-22 20:50:21 -0300},
	Date-Modified = {2008-11-22 21:16:34 -0300},
	Publisher = {Simon and {S}chuster},
	Title = {Unpopular essays},
	Year = {1950}}

@book{dorfman1958,
	Address = {New York},
	Author = {Dorfman, Robert and Samuelson, Paul Anthony and Solow, Robert M.},
	Date-Added = {2008-11-22 18:43:13 -0300},
	Date-Modified = {2008-11-22 18:47:41 -0300},
	Publisher = {Mc{G}raw-{H}ill},
	Title = {Linear programming and economic analysis},
	Year = {1958}}

@article{krzysztofowicz1980,
	Author = {Krzysztofowicz, R and Duckstein, L.},
	Date-Added = {2008-11-21 01:14:51 -0300},
	Date-Modified = {2008-11-21 01:17:29 -0300},
	Journal = {Organizational Behavior and Human Performance},
	Pages = {326 -- 348},
	Title = {Assessment errors in multiattribute utility functions},
	Volume = {26},
	Year = {1980}}

@article{zagorski1981,
	Author = {Zagorski, M. A.},
	Date-Added = {2008-11-20 12:50:43 -0300},
	Date-Modified = {2008-11-20 12:52:09 -0300},
	Journal = {Acta Psychologica},
	Number = {2},
	Pages = {171 -- 183},
	Title = {Risky decisions: attention and path dependency as a function of response mode},
	Volume = {49},
	Year = {1981}}

@article{hershey1982,
	Author = {Hershey, J. C. and Kunreuther, H. C. and Shoemaker, P. J. H.},
	Date-Added = {2008-11-20 12:42:00 -0300},
	Date-Modified = {2008-11-20 12:44:26 -0300},
	Journal = {Management Science},
	Pages = {936 -- 954},
	Title = {Sources of bias in assessment procedures for utility functions},
	Volume = {28},
	Year = {1982}}

@article{novick1979,
	Author = {Novick, M. R. and Lindley, D. V.},
	Date-Added = {2008-11-20 11:28:07 -0300},
	Date-Modified = {2008-11-20 11:29:32 -0300},
	Journal = {Journal of the American Statistical Association},
	Pages = {306--311},
	Title = {Fixed-state assessment of utility functions},
	Volume = {74},
	Year = {1979}}

@article{tversky1974,
	Author = {Tversky, A. and Kahneman, D.},
	Date-Added = {2008-11-18 11:40:59 -0300},
	Date-Modified = {2008-11-18 11:45:32 -0300},
	Journal = {Science},
	Pages = {1124 -- 1131},
	Title = {Judgment under uncertainty: heuristics and biases},
	Volume = {185},
	Year = {1974}}

@article{anscombe1963,
	Author = {Anscombe, F. J. and Aumann, R. J.},
	Date-Added = {2008-11-17 11:04:43 -0300},
	Date-Modified = {2008-11-18 11:46:20 -0300},
	Journal = {Annals of Mathematical Statistics},
	Pages = {199--205},
	Title = {A definition of subjective probabilities},
	Volume = {34},
	Year = {1963}}

@article{ellsberg1961,
	Author = {Ellsberg, Daniel},
	Date-Added = {2008-11-17 10:58:39 -0300},
	Date-Modified = {2008-11-17 11:00:47 -0300},
	Journal = {Quarterly journal of Economics},
	Month = {Nov.},
	Number = {75},
	Pages = {643 -- 669},
	Title = {Risk, ambiguity and the {S}avage axioms},
	Year = {1961}}

@article{machina1987a,
	Author = {Machina, Mark J.},
	Date-Added = {2008-11-17 10:54:41 -0300},
	Date-Modified = {2008-11-17 11:20:57 -0300},
	Journal = {Economic Perspectives},
	Number = {1},
	Pages = {121 -- 154},
	Title = {Choice under uncertainty: problems solved and unsolved},
	Volume = {1},
	Year = {1987},
	Bdsk-File-1 = {YnBsaXN0MDDUAQIDBAUIJidUJHRvcFgkb2JqZWN0c1gkdmVyc2lvblkkYXJjaGl2ZXLRBgdUcm9vdIABqAkKFRYXGyIjVSRudWxs0wsMDQ4RFFpOUy5vYmplY3RzV05TLmtleXNWJGNsYXNzog8QgASABqISE4ACgAOAB1lhbGlhc0RhdGFccmVsYXRpdmVQYXRo0hgNGRpXTlMuZGF0YU8RAWIAAAAAAWIAAgAABE1pbGsAAAAAAAAAAAAAAAAAAAAAAAAAAAAAAMIjW8ZIKwAAAHPMTgsxOTQyOTUyLnBkZgAAAAAAAAAAAAAAAAAAAAAAAAAAAAAAAAAAAAAAAAAAAAAAAAAAAAAAAAAAAAAAAAAAAAAAbtCRxUb5VAAAAAAAAAAAAAQAAwAACSAAAAAAAAAAAAAAAAAAAAAHRGVza3RvcAAAEAAIAADCI4X2AAAAEQAIAADFRyOEAAAAAQAQAHPMTgAH2MsAB9jAAABvGQACACtNaWxrOlVzZXJzOm1pbGs6RGVza3RvcDpEZXNrdG9wOjE5NDI5NTIucGRmAAAOABgACwAxADkANAAyADkANQAyAC4AcABkAGYADwAKAAQATQBpAGwAawASACZVc2Vycy9taWxrL0Rlc2t0b3AvRGVza3RvcC8xOTQyOTUyLnBkZgATAAEvAAAVAAIAC///AACABdIcHR4fWCRjbGFzc2VzWiRjbGFzc25hbWWjHyAhXU5TTXV0YWJsZURhdGFWTlNEYXRhWE5TT2JqZWN0XxAnLi4vLi4vLi4vLi4vRGVza3RvcC9EZXNrdG9wLzE5NDI5NTIucGRm0hwdJCWiJSFcTlNEaWN0aW9uYXJ5EgABhqBfEA9OU0tleWVkQXJjaGl2ZXIACAARABYAHwAoADIANQA6ADwARQBLAFIAXQBlAGwAbwBxAHMAdgB4AHoAfACGAJMAmACgAgYCCAINAhYCIQIlAjMCOgJDAm0CcgJ1AoIChwAAAAAAAAIBAAAAAAAAACgAAAAAAAAAAAAAAAAAAAKZ}}

@article{fisher1918,
	Author = {Fisher, Irving},
	Date-Added = {2008-11-14 19:13:11 -0300},
	Date-Modified = {2008-11-18 08:48:02 -0300},
	Journal = {American Economic Review},
	Pages = {335--337},
	Title = {Is ``utility'' the most suitable term for the concept it is used to denote?},
	Volume = {8},
	Year = {1918}}

@article{wald1945,
	Author = {Wald, Abraham},
	Date-Added = {2008-11-14 13:18:36 -0300},
	Date-Modified = {2008-11-14 13:20:19 -0300},
	Journal = {The Annals of Mathematical Statistics},
	Month = {Apr.},
	Number = {2},
	Pages = {265--280},
	Title = {Statistical decision functions which minimize the maximum risk},
	Volume = {46},
	Year = {1945},
	Bdsk-File-1 = {YnBsaXN0MDDUAQIDBAUIJidUJHRvcFgkb2JqZWN0c1gkdmVyc2lvblkkYXJjaGl2ZXLRBgdUcm9vdIABqAkKFRYXGyIjVSRudWxs0wsMDQ4RFFpOUy5vYmplY3RzV05TLmtleXNWJGNsYXNzog8QgASABqISE4ACgAOAB1lhbGlhc0RhdGFccmVsYXRpdmVQYXRo0hgNGRpXTlMuZGF0YU8RAWIAAAAAAWIAAgAABE1pbGsAAAAAAAAAAAAAAAAAAAAAAAAAAAAAAMIjW8ZIKwAAAHPMTgsxOTY5MDIyLnBkZgAAAAAAAAAAAAAAAAAAAAAAAAAAAAAAAAAAAAAAAAAAAAAAAAAAAAAAAAAAAAAAAAAAAAAAbaYCxUJEqAAAAAAAAAAAAAQAAwAACSAAAAAAAAAAAAAAAAAAAAAHRGVza3RvcAAAEAAIAADCI4X2AAAAEQAIAADFQm7YAAAAAQAQAHPMTgAH2MsAB9jAAABvGQACACtNaWxrOlVzZXJzOm1pbGs6RGVza3RvcDpEZXNrdG9wOjE5NjkwMjIucGRmAAAOABgACwAxADkANgA5ADAAMgAyAC4AcABkAGYADwAKAAQATQBpAGwAawASACZVc2Vycy9taWxrL0Rlc2t0b3AvRGVza3RvcC8xOTY5MDIyLnBkZgATAAEvAAAVAAIAC///AACABdIcHR4fWCRjbGFzc2VzWiRjbGFzc25hbWWjHyAhXU5TTXV0YWJsZURhdGFWTlNEYXRhWE5TT2JqZWN0XxAnLi4vLi4vLi4vLi4vRGVza3RvcC9EZXNrdG9wLzE5NjkwMjIucGRm0hwdJCWiJSFcTlNEaWN0aW9uYXJ5EgABhqBfEA9OU0tleWVkQXJjaGl2ZXIACAARABYAHwAoADIANQA6ADwARQBLAFIAXQBlAGwAbwBxAHMAdgB4AHoAfACGAJMAmACgAgYCCAINAhYCIQIlAjMCOgJDAm0CcgJ1AoIChwAAAAAAAAIBAAAAAAAAACgAAAAAAAAAAAAAAAAAAAKZ}}

@book{berger1980,
	Address = {New York},
	Author = {Berger, James O.},
	Date-Added = {2008-11-14 12:07:13 -0300},
	Date-Modified = {2008-11-14 12:08:59 -0300},
	Publisher = {Springer},
	Title = {Statistical decision theory and {B}ayesian analysis},
	Year = {1980}}

@article{wald1939,
	Author = {Wald, Abraham},
	Date-Added = {2008-11-14 10:50:43 -0300},
	Date-Modified = {2008-11-14 10:52:03 -0300},
	Journal = {The Annals of Mathematical Statistics},
	Month = {Dec.},
	Number = {4},
	Pages = {299--326},
	Title = {Contributions to the Theory of Statistical Estimation and Testing Hypotheses},
	Volume = {10},
	Year = {1939},
	Bdsk-File-1 = {YnBsaXN0MDDUAQIDBAUIJidUJHRvcFgkb2JqZWN0c1gkdmVyc2lvblkkYXJjaGl2ZXLRBgdUcm9vdIABqAkKFRYXGyIjVSRudWxs0wsMDQ4RFFpOUy5vYmplY3RzV05TLmtleXNWJGNsYXNzog8QgASABqISE4ACgAOAB1lhbGlhc0RhdGFccmVsYXRpdmVQYXRo0hgNGRpXTlMuZGF0YU8RAWoAAAAAAWoAAgAABE1pbGsAAAAAAAAAAAAAAAAAAAAAAAAAAAAAAMIjW8ZIKwAAAHPMTg1XYWxkLTE5MzkucGRmAAAAAAAAAAAAAAAAAAAAAAAAAAAAAAAAAAAAAAAAAAAAAAAAAAAAAAAAAAAAAAAAAAAAbf4JxUMIeQAAAAAAAAAAAAQAAwAACSAAAAAAAAAAAAAAAAAAAAAHRGVza3RvcAAAEAAIAADCI4X2AAAAEQAIAADFQzKpAAAAAQAQAHPMTgAH2MsAB9jAAABvGQACAC1NaWxrOlVzZXJzOm1pbGs6RGVza3RvcDpEZXNrdG9wOldhbGQtMTkzOS5wZGYAAA4AHAANAFcAYQBsAGQALQAxADkAMwA5AC4AcABkAGYADwAKAAQATQBpAGwAawASAChVc2Vycy9taWxrL0Rlc2t0b3AvRGVza3RvcC9XYWxkLTE5MzkucGRmABMAAS8AABUAAgAL//8AAIAF0hwdHh9YJGNsYXNzZXNaJGNsYXNzbmFtZaMfICFdTlNNdXRhYmxlRGF0YVZOU0RhdGFYTlNPYmplY3RfECkuLi8uLi8uLi8uLi9EZXNrdG9wL0Rlc2t0b3AvV2FsZC0xOTM5LnBkZtIcHSQloiUhXE5TRGljdGlvbmFyeRIAAYagXxAPTlNLZXllZEFyY2hpdmVyAAgAEQAWAB8AKAAyADUAOgA8AEUASwBSAF0AZQBsAG8AcQBzAHYAeAB6AHwAhgCTAJgAoAIOAhACFQIeAikCLQI7AkICSwJ3AnwCfwKMApEAAAAAAAACAQAAAAAAAAAoAAAAAAAAAAAAAAAAAAACow==}}

@article{savage1951,
	Author = {Savage, Leonard J.},
	Date-Added = {2008-11-14 10:22:08 -0300},
	Date-Modified = {2008-11-14 10:24:05 -0300},
	Journal = {Journal of the American Statistical Association},
	Month = {Mar.},
	Number = {253},
	Pages = {55-67},
	Title = {The theory of statistical decision},
	Volume = {46},
	Year = {1951},
	Bdsk-File-1 = {YnBsaXN0MDDUAQIDBAUIJidUJHRvcFgkb2JqZWN0c1gkdmVyc2lvblkkYXJjaGl2ZXLRBgdUcm9vdIABqAkKFRYXGyIjVSRudWxs0wsMDQ4RFFpOUy5vYmplY3RzV05TLmtleXNWJGNsYXNzog8QgASABqISE4ACgAOAB1lhbGlhc0RhdGFccmVsYXRpdmVQYXRo0hgNGRpXTlMuZGF0YU8RAWIAAAAAAWIAAgAABE1pbGsAAAAAAAAAAAAAAAAAAAAAAAAAAAAAAMIjW8ZIKwAAAHPMTgsyMjgwMDk0LnBkZgAAAAAAAAAAAAAAAAAAAAAAAAAAAAAAAAAAAAAAAAAAAAAAAAAAAAAAAAAAAAAAAAAAAAAAbWjBxUHlQQAAAAAAAAAAAAQAAwAACSAAAAAAAAAAAAAAAAAAAAAHRGVza3RvcAAAEAAIAADCI4X2AAAAEQAIAADFQg9xAAAAAQAQAHPMTgAH2MsAB9jAAABvGQACACtNaWxrOlVzZXJzOm1pbGs6RGVza3RvcDpEZXNrdG9wOjIyODAwOTQucGRmAAAOABgACwAyADIAOAAwADAAOQA0AC4AcABkAGYADwAKAAQATQBpAGwAawASACZVc2Vycy9taWxrL0Rlc2t0b3AvRGVza3RvcC8yMjgwMDk0LnBkZgATAAEvAAAVAAIAC///AACABdIcHR4fWCRjbGFzc2VzWiRjbGFzc25hbWWjHyAhXU5TTXV0YWJsZURhdGFWTlNEYXRhWE5TT2JqZWN0XxAnLi4vLi4vLi4vLi4vRGVza3RvcC9EZXNrdG9wLzIyODAwOTQucGRm0hwdJCWiJSFcTlNEaWN0aW9uYXJ5EgABhqBfEA9OU0tleWVkQXJjaGl2ZXIACAARABYAHwAoADIANQA6ADwARQBLAFIAXQBlAGwAbwBxAHMAdgB4AHoAfACGAJMAmACgAgYCCAINAhYCIQIlAjMCOgJDAm0CcgJ1AoIChwAAAAAAAAIBAAAAAAAAACgAAAAAAAAAAAAAAAAAAAKZ}}

@article{campello1983,
	Author = {Campello de Souza, Fernando Menezes},
	Date-Added = {2008-11-06 15:51:55 -0300},
	Date-Modified = {2008-11-06 15:53:56 -0300},
	Journal = {Journal of Mathematical Psychology},
	Number = {2},
	Pages = {183 -- 200},
	Title = {Mixed models, random utilities, and the triangle inequality},
	Volume = {27},
	Year = {1983}}

@article{campello1986,
	Author = {Campello de Souza, Fernando Menezes},
	Date-Added = {2008-04-16 13:36:27 -0300},
	Date-Modified = {2008-04-16 13:37:25 -0300},
	Journal = {Theory and Decision},
	Month = {Sep.},
	Number = {2},
	Pages = {129 --153},
	Title = {Two-component random utilities},
	Volume = {21},
	Year = {1986}}

@article{trotter1975,
	Author = {Trotter, W. T.},
	Date-Added = {2008-04-16 02:19:00 -0300},
	Date-Modified = {2008-04-16 02:19:57 -0300},
	Journal = {Proceedings of the American Mathematical Society},
	Month = {Feb.},
	Number = {2},
	Pages = {311 -- 316},
	Title = {Inequalities in dimension theory for posets},
	Volume = {47},
	Year = {1975}}

@article{peczarski2006,
	Author = {Peczarski, Marcin},
	Date-Added = {2008-04-16 02:17:34 -0300},
	Date-Modified = {2008-11-18 08:45:28 -0300},
	Journal = {Order},
	Pages = {89 -- 95},
	Title = {The Gold Partition Conjecture},
	Volume = {23},
	Year = {2006},
	Bdsk-File-1 = {YnBsaXN0MDDUAQIDBAUIJidUJHRvcFgkb2JqZWN0c1gkdmVyc2lvblkkYXJjaGl2ZXLRBgdUcm9vdIABqAkKFRYXGyIjVSRudWxs0wsMDQ4RFFpOUy5vYmplY3RzV05TLmtleXNWJGNsYXNzog8QgASABqISE4ACgAOAB1lhbGlhc0RhdGFccmVsYXRpdmVQYXRo0hgNGRpXTlMuZGF0YU8RAW4AAAAAAW4AAgAABE1pbGsAAAAAAAAAAAAAAAAAAAAAAAAAAAAAAMIjW8ZIKwAAAEabsA5mdWxsdGV4dDIyLnBkZgAAAAAAAAAAAAAAAAAAAAAAAAAAAAAAAAAAAAAAAAAAAAAAAAAAAAAAAAAAAAAAAAAATFYlxCLipgAAAAAAAAAAAAQAAwAACSAAAAAAAAAAAAAAAAAAAAAHQXJ0aWdvcwAAEAAIAADCI4X2AAAAEQAIAADEIwzWAAAAAQAQAEabsAAH2MsAB9jAAABvGQACAC5NaWxrOlVzZXJzOm1pbGs6RGVza3RvcDpBcnRpZ29zOmZ1bGx0ZXh0MjIucGRmAA4AHgAOAGYAdQBsAGwAdABlAHgAdAAyADIALgBwAGQAZgAPAAoABABNAGkAbABrABIAKVVzZXJzL21pbGsvRGVza3RvcC9BcnRpZ29zL2Z1bGx0ZXh0MjIucGRmAAATAAEvAAAVAAIAC///AACABdIcHR4fWCRjbGFzc2VzWiRjbGFzc25hbWWjHyAhXU5TTXV0YWJsZURhdGFWTlNEYXRhWE5TT2JqZWN0XxAqLi4vLi4vLi4vLi4vRGVza3RvcC9BcnRpZ29zL2Z1bGx0ZXh0MjIucGRm0hwdJCWiJSFcTlNEaWN0aW9uYXJ5EgABhqBfEA9OU0tleWVkQXJjaGl2ZXIACAARABYAHwAoADIANQA6ADwARQBLAFIAXQBlAGwAbwBxAHMAdgB4AHoAfACGAJMAmACgAhICFAIZAiICLQIxAj8CRgJPAnwCgQKEApEClgAAAAAAAAIBAAAAAAAAACgAAAAAAAAAAAAAAAAAAAKo}}

@article{berthelemy1978,
	Author = {Barth{\'e}lemy, J. P.},
	Date-Added = {2008-04-16 02:15:54 -0300},
	Date-Modified = {2008-04-16 02:17:25 -0300},
	Journal = {Math{\'e}matiques et Sciences Humaines},
	Pages = {39 -- 60},
	Title = {Remarques sur les propri{\'e}t{\'e}s m{\'e}triques des ensembles ordonn{\'e}s},
	Volume = {61},
	Year = {1978}}

@book{alencar1984,
	Address = {S{\~a}o Paulo},
	Author = {Alencar {F}ilho, Edgar},
	Date-Added = {2008-04-16 02:14:14 -0300},
	Date-Modified = {2008-04-16 02:15:38 -0300},
	Publisher = {Nobel},
	Title = {Rela{\c c}{\~o}es bin{\'a}rias},
	Year = {1984}}

@article{pollak1967,
	Author = {Pollack, Robert A.},
	Date-Added = {2008-04-16 02:02:54 -0300},
	Date-Modified = {2008-04-16 02:04:09 -0300},
	Journal = {Econometrica},
	Month = {Jul. -- Oct.},
	Number = {3/4},
	Pages = {485 -- 494},
	Title = {Additive von {N}eumann-{M}orgenstern utility functions},
	Volume = {35},
	Year = {1967}}

@article{machina1987,
	Author = {Machina, Mark J. and Neilson, William S.},
	Date-Added = {2008-04-16 02:00:03 -0300},
	Date-Modified = {2008-11-05 15:02:24 -0300},
	Journal = {Econometrica},
	Month = {Sep.},
	Number = {5},
	Pages = {1139 -- 1149},
	Title = {The {R}oss characterization of risk aversion: strengthening and extension},
	Volume = {55},
	Year = {1987}}

@article{ross1981,
	Author = {Ross, Stephen},
	Date-Added = {2008-04-16 01:57:58 -0300},
	Date-Modified = {2008-04-16 01:59:29 -0300},
	Journal = {Econometrica},
	Month = {May},
	Number = {3},
	Pages = {621 -- 638},
	Title = {Some Stronger Measures of risk aversion in the small and the large with applications},
	Volume = {49},
	Year = {1981}}

@article{feeny2002,
	Author = {Feeny, David and Furlong, William and Torrance, George W. and Goldsmith, Charles H. and Zhu, Zenglong and De{P}auw, Sonha and Denton, Margaret and Boyle, Michael},
	Date-Added = {2008-04-16 01:54:59 -0300},
	Date-Modified = {2008-04-16 01:57:23 -0300},
	Journal = {Medical Care},
	Number = {2},
	Pages = {113 -- 128},
	Title = {Multiattribute and single-attribute utility functions for the health index mark 3 system},
	Volume = {40},
	Year = {2002}}

@article{angilella2004,
	Author = {Angilella, Silvia and Greco, Salvatore and Lamantia, Fabio and Matarazzo, Benedetto},
	Date-Added = {2008-04-16 01:52:11 -0300},
	Date-Modified = {2008-11-05 15:04:47 -0300},
	Journal = {European Journal of Operational Research},
	Pages = {734 -- 744},
	Title = {Assessing non-additive utility for multicriteria decision aid},
	Volume = {158},
	Year = {2004}}

@phdthesis{mcgeachie2007,
	Address = {Cambridge},
	Author = {Mc{G}eachie, Michael},
	Date-Added = {2008-04-16 01:48:14 -0300},
	Date-Modified = {2009-07-31 09:55:39 -0300},
	Month = {Feb.},
	School = {Department of Electrical Engineering and Computer Science. Massachusetts Institute of Technology},
	Title = {Local geometry of multiattribute tradeoff preferrences},
	Year = {2007}}

@article{li2002,
	Author = {Yang, Jian-{B}o and Li, Duan},
	Date-Added = {2008-04-16 01:45:34 -0300},
	Date-Modified = {2008-04-16 01:47:40 -0300},
	Journal = {{IEEE} Transactions on Systems, Man, and Cybernetics},
	Number = {3},
	Pages = {305 -- 319},
	Title = {Normal vector identification and interactive tradeoff analysis using minimax formulation in multiobjective optimization},
	Volume = {32},
	Year = {2002}}

@techreport{brown2007,
	Address = {Fort Collins, Colorado},
	Author = {Brown, Thomas C. and Peterson, George L. and Brink, Glen E.},
	Date-Added = {2008-04-16 01:41:01 -0300},
	Date-Modified = {2008-04-16 01:44:50 -0300},
	Institution = {Rocky Mountain Research Station},
	Month = {Jan.},
	Title = {An enquiry into the method of paired comparison: reliability, scaling, and thurstone's law of comparative judgment},
	Type = {Discurssion Paper N\textordmasculine\ 4851},
	Year = {2007}}

@article{trotter1976,
	Author = {Trotter, W. T. and Moore, John I. and Sumner, David P.},
	Date-Added = {2008-04-16 01:37:11 -0300},
	Date-Modified = {2008-04-16 01:39:15 -0300},
	Journal = {Proceedings of the American Mathematical Society},
	Month = {Oct.},
	Number = {1},
	Pages = {35 -- 38},
	Title = {The dimension of a comparability graph},
	Volume = {60},
	Year = {1976}}

@article{farquhar1984,
	Author = {Farquhar, Peter H.},
	Date-Added = {2008-04-16 01:34:54 -0300},
	Date-Modified = {2008-04-16 01:35:56 -0300},
	Journal = {Management Science},
	Month = {Nov.},
	Number = {11},
	Pages = {1283 -- 1300},
	Title = {Utility assessment methods},
	Volume = {30},
	Year = {1984}}

@incollection{monjardet1982,
	Author = {Barth{\'e}lemy, J. P. and Flament, Cl. and Monjardet, B.},
	Booktitle = {Ordered sets},
	Date-Added = {2008-04-16 01:30:48 -0300},
	Date-Modified = {2008-04-16 01:34:29 -0300},
	Editor = {Rival, I.},
	Pages = {721 -- 758},
	Publisher = {D. Reidel Publishing Company},
	Title = {Ordered sets and social sciences},
	Year = {1982}}

@article{epstein1980,
	Author = {Epstein, Larry G. and Tanny, Stephen M.},
	Date-Added = {2008-04-16 01:28:49 -0300},
	Date-Modified = {2008-04-16 01:30:37 -0300},
	Journal = {The Canadian Journal of Economics},
	Month = {Feb.},
	Number = {1},
	Pages = {16 -- 34},
	Title = {Increasing generalized correlation: a definition and some economic consequences},
	Volume = {13},
	Year = {1980}}

@article{eeckhoudt2007,
	Author = {Eeckhoudt, Louis and Rey, B{\'e}atrice and Schlesinger, Harris},
	Date-Added = {2008-04-16 01:26:00 -0300},
	Date-Modified = {2008-04-16 01:28:43 -0300},
	Journal = {Management Science},
	Month = {Jan.},
	Number = {1},
	Pages = {117 -- 124},
	Title = {A good sign for multivariate risk taking},
	Volume = {53},
	Year = {2007}}

@article{allais1953,
	Author = {Allais, Maurice},
	Date-Added = {2008-04-16 01:24:06 -0300},
	Date-Modified = {2008-04-16 01:25:56 -0300},
	Journal = {Econometrica},
	Month = {Oct.},
	Number = {4},
	Pages = {503 -- 546},
	Title = {Le comportement de l'homme rationel devant le risque: critique des postulats et axiomes de l'{\'e}cole americaine},
	Volume = {21},
	Year = {1953}}

@article{fishburn1977,
	Author = {Fishburn, Peter},
	Date-Added = {2008-04-16 01:22:55 -0300},
	Date-Modified = {2008-04-16 01:23:58 -0300},
	Journal = {Synthese},
	Pages = {287 -- 314},
	Title = {Models of individual preference and choice},
	Volume = {36},
	Year = {1977}}

@article{fishburn1999,
	Author = {Fishburn, Peter},
	Date-Added = {2008-04-16 01:21:37 -0300},
	Date-Modified = {2008-04-16 01:22:39 -0300},
	Journal = {Theoretical Computer Science},
	Pages = {359 -- 383},
	Title = {Preference structures and their numerical representations},
	Volume = {217},
	Year = {1999}}

@article{licalzi2006,
	Author = {LiCalzi, Marco and Sorato, Annamaria},
	Date-Added = {2008-04-16 01:18:34 -0300},
	Date-Modified = {2008-04-16 01:20:01 -0300},
	Journal = {European Journal of Operational Research},
	Pages = {560 -- 573},
	Title = {The {P}earson system of utility functions},
	Volume = {172},
	Year = {2006}}

@article{Prekopa2008,
	Author = {Pr{\'e}kopa, Andr{\'a}s and M{\'a}di-{N}agy, Gergely},
	Date-Added = {2008-04-16 01:16:52 -0300},
	Date-Modified = {2008-04-16 01:18:20 -0300},
	Journal = {Economic Theory},
	Pages = {591 -- 602},
	Title = {A class of multiattribute utility functions},
	Volume = {34},
	Year = {2008}}

@article{keeney1974,
	Author = {Keeney, Ralph L.},
	Date-Added = {2008-04-16 01:15:31 -0300},
	Date-Modified = {2008-04-16 01:16:33 -0300},
	Journal = {Operations Research},
	Month = {Jan. -- Feb.},
	Number = {1},
	Pages = {22 -- 34},
	Title = {Multiplicative utility functions},
	Volume = {22},
	Year = {1974}}

@article{pollak1973,
	Author = {Pollack, Robert A.},
	Date-Added = {2008-04-16 01:14:04 -0300},
	Date-Modified = {2008-04-16 01:15:06 -0300},
	Journal = {Econometrica},
	Month = {Jan.},
	Number = {1},
	Pages = {35 --39},
	Title = {The risk independence axiom},
	Volume = {41},
	Year = {1973}}

@book{luce1959,
	Address = {New York},
	Author = {Luce, R. Duncan},
	Date-Added = {2008-04-15 23:10:27 -0300},
	Date-Modified = {2008-04-15 23:11:55 -0300},
	Publisher = {Dover Publications},
	Title = {Individual choice behavior: a theoretical analysis},
	Year = {1959}}

@book{varian1992,
	Address = {London},
	Author = {Varian, Hal R.},
	Date-Added = {2008-04-15 21:56:42 -0300},
	Date-Modified = {2009-07-31 09:54:59 -0300},
	Edition = {3},
	Publisher = {W. W. Norton},
	Title = {Microeconomic analysis},
	Year = {1992}}

@book{wald1950,
	Address = {New York},
	Author = {Wald, Abraham},
	Date-Added = {2008-04-15 21:35:05 -0300},
	Date-Modified = {2009-07-31 09:55:18 -0300},
	Publisher = {John Wiley \& Sons},
	Title = {Statistical decision functions},
	Year = {1950}}

@book{ferguson1967,
	Address = {New York},
	Author = {Ferguson, Thomas S.},
	Date-Added = {2008-04-15 21:15:49 -0300},
	Date-Modified = {2008-04-15 21:17:18 -0300},
	Publisher = {Academic Press},
	Title = {Mathematical statistics: a decision theoretical approach},
	Year = {1967}}

@book{vonNeumann1944,
	Author = {{von} Neumann, John and Morgenstern, Oskar},
	Date-Added = {2008-04-15 12:04:48 -0300},
	Date-Modified = {2009-07-31 09:55:10 -0300},
	Publisher = {Princeton University Press},
	Title = {Theory of games and economic behavior},
	Year = {1944}}

@book{savage1954,
	Address = {New York},
	Author = {Savage, Leonard J.},
	Date-Added = {2008-04-15 11:59:28 -0300},
	Date-Modified = {2009-07-31 09:54:53 -0300},
	Edition = {2},
	Publisher = {Dover Publications},
	Title = {The foundations of statistics},
	Year = {1954}}

@article{definetti1952,
	Author = {{de} {F}inetti, Bruno},
	Date-Added = {2008-03-25 20:13:27 -0300},
	Date-Modified = {2008-03-25 20:15:20 -0300},
	Journal = {Giornale degli Economist e Annali di Economia},
	Pages = {685 -- 709},
	Title = {Sulla Preferibilit{\`a}},
	Volume = {11},
	Year = {1952}}

@techreport{meyer1972,
	Author = {Meyer, Richard F.},
	Date-Added = {2008-03-08 11:30:33 -0300},
	Date-Modified = {2008-03-08 11:34:14 -0300},
	Institution = {Havard Business School},
	Month = {Mar.},
	Title = {Some notes on discrete multivariate utility},
	Type = {Manuscript},
	Year = {1972}}

@article{richard1975,
	Author = {Richard, Scott F.},
	Date-Added = {2008-03-08 11:17:18 -0300},
	Date-Modified = {2008-11-05 15:08:41 -0300},
	Journal = {Management Science},
	Month = {Sep.},
	Number = {1},
	Pages = {12 --21},
	Title = {Multivariate risk aversion, utility independence and separable utility functions},
	Volume = {22},
	Year = {1975},
	Bdsk-File-1 = {YnBsaXN0MDDUAQIDBAUIJidUJHRvcFgkb2JqZWN0c1gkdmVyc2lvblkkYXJjaGl2ZXLRBgdUcm9vdIABqAkKFRYXGyIjVSRudWxs0wsMDQ4RFFpOUy5vYmplY3RzV05TLmtleXNWJGNsYXNzog8QgASABqISE4ACgAOAB1lhbGlhc0RhdGFccmVsYXRpdmVQYXRo0hgNGRpXTlMuZGF0YU8RAXYAAAAAAXYAAgAABE1pbGsAAAAAAAAAAAAAAAAAAAAAAAAAAAAAAMIjW8ZIKwAAAEabsBBTY290dFJpY2hhcmQucGRmAAAAAAAAAAAAAAAAAAAAAAAAAAAAAAAAAAAAAAAAAAAAAAAAAAAAAAAAAAAAAAAASCOOw/WzfAAAAAAAAAAAAAQAAwAACSAAAAAAAAAAAAAAAAAAAAAHQXJ0aWdvcwAAEAAIAADCI4X2AAAAEQAIAADD9d2sAAAAAQAQAEabsAAH2MsAB9jAAABvGQACADBNaWxrOlVzZXJzOm1pbGs6RGVza3RvcDpBcnRpZ29zOlNjb3R0UmljaGFyZC5wZGYADgAiABAAUwBjAG8AdAB0AFIAaQBjAGgAYQByAGQALgBwAGQAZgAPAAoABABNAGkAbABrABIAK1VzZXJzL21pbGsvRGVza3RvcC9BcnRpZ29zL1Njb3R0UmljaGFyZC5wZGYAABMAAS8AABUAAgAL//8AAIAF0hwdHh9YJGNsYXNzZXNaJGNsYXNzbmFtZaMfICFdTlNNdXRhYmxlRGF0YVZOU0RhdGFYTlNPYmplY3RfECwuLi8uLi8uLi8uLi9EZXNrdG9wL0FydGlnb3MvU2NvdHRSaWNoYXJkLnBkZtIcHSQloiUhXE5TRGljdGlvbmFyeRIAAYagXxAPTlNLZXllZEFyY2hpdmVyAAgAEQAWAB8AKAAyADUAOgA8AEUASwBSAF0AZQBsAG8AcQBzAHYAeAB6AHwAhgCTAJgAoAIaAhwCIQIqAjUCOQJHAk4CVwKGAosCjgKbAqAAAAAAAAACAQAAAAAAAAAoAAAAAAAAAAAAAAAAAAACsg==}}

@techreport{shah2006,
	Address = {Delhi},
	Author = {Shah, Sudhir A.},
	Date-Added = {2008-03-08 10:25:01 -0300},
	Date-Modified = {2008-03-08 10:27:45 -0300},
	Institution = {Centre for Development Economics. Delhi School of Economics. University of Delhi},
	Month = {Sep.},
	Title = {Comparative risk aversion when the outcomes are vectors},
	Type = {Working Paper N\textordmasculine\ 149},
	Year = {2006},
	Bdsk-File-1 = {YnBsaXN0MDDUAQIDBAUIJidUJHRvcFgkb2JqZWN0c1gkdmVyc2lvblkkYXJjaGl2ZXLRBgdUcm9vdIABqAkKFRYXGyIjVSRudWxs0wsMDQ4RFFpOUy5vYmplY3RzV05TLmtleXNWJGNsYXNzog8QgASABqISE4ACgAOAB1lhbGlhc0RhdGFccmVsYXRpdmVQYXRo0hgNGRpXTlMuZGF0YU8RAWIAAAAAAWIAAgAABE1pbGsAAAAAAAAAAAAAAAAAAAAAAAAAAAAAAMIjW8ZIKwAAAEabsAt3b3JrMTQ5LnBkZgAAAAAAAAAAAAAAAAAAAAAAAAAAAAAAAAAAAAAAAAAAAAAAAAAAAAAAAAAAAAAAAAAAAAAASDutw/c3BVBERiBDQVJPAAQAAwAACSAAAAAAAAAAAAAAAAAAAAAHQXJ0aWdvcwAAEAAIAADCI4X2AAAAEQAIAADD92E1AAAAAQAQAEabsAAH2MsAB9jAAABvGQACACtNaWxrOlVzZXJzOm1pbGs6RGVza3RvcDpBcnRpZ29zOndvcmsxNDkucGRmAAAOABgACwB3AG8AcgBrADEANAA5AC4AcABkAGYADwAKAAQATQBpAGwAawASACZVc2Vycy9taWxrL0Rlc2t0b3AvQXJ0aWdvcy93b3JrMTQ5LnBkZgATAAEvAAAVAAIAC///AACABdIcHR4fWCRjbGFzc2VzWiRjbGFzc25hbWWjHyAhXU5TTXV0YWJsZURhdGFWTlNEYXRhWE5TT2JqZWN0XxAnLi4vLi4vLi4vLi4vRGVza3RvcC9BcnRpZ29zL3dvcmsxNDkucGRm0hwdJCWiJSFcTlNEaWN0aW9uYXJ5EgABhqBfEA9OU0tleWVkQXJjaGl2ZXIACAARABYAHwAoADIANQA6ADwARQBLAFIAXQBlAGwAbwBxAHMAdgB4AHoAfACGAJMAmACgAgYCCAINAhYCIQIlAjMCOgJDAm0CcgJ1AoIChwAAAAAAAAIBAAAAAAAAACgAAAAAAAAAAAAAAAAAAAKZ}}

@article{ercolani2004,
	Author = {Ercolani, Marco G.},
	Date-Added = {2008-03-08 10:21:25 -0300},
	Date-Modified = {2008-03-08 10:23:44 -0300},
	Journal = {Bulletin of Economic Research},
	Month = {Jan.},
	Number = {1},
	Pages = {81 -- 106},
	Title = {Risk aversion and risk loving in the small: a decomposition of the multivariate risk premium},
	Volume = {56},
	Year = {2004},
	Bdsk-File-1 = {YnBsaXN0MDDUAQIDBAUIJidUJHRvcFgkb2JqZWN0c1gkdmVyc2lvblkkYXJjaGl2ZXLRBgdUcm9vdIABqAkKFRYXGyIjVSRudWxs0wsMDQ4RFFpOUy5vYmplY3RzV05TLmtleXNWJGNsYXNzog8QgASABqISE4ACgAOAB1lhbGlhc0RhdGFccmVsYXRpdmVQYXRo0hgNGRpXTlMuZGF0YU8RAaYAAAAAAaYAAgAABE1pbGsAAAAAAAAAAAAAAAAAAAAAAAAAAAAAAMIjW8ZIKwAAAEabsBxqLjE0NjctODU4Ni4yMDA0LjAwMTkwLngucGRmAAAAAAAAAAAAAAAAAAAAAAAAAAAAAAAAAAAAAAAAAAAAAAAASDyzw/dAFVBERiBDQVJPAAQAAwAACSAAAAAAAAAAAAAAAAAAAAAHQXJ0aWdvcwAAEAAIAADCI4X2AAAAEQAIAADD92pFAAAAAQAQAEabsAAH2MsAB9jAAABvGQACADxNaWxrOlVzZXJzOm1pbGs6RGVza3RvcDpBcnRpZ29zOmouMTQ2Ny04NTg2LjIwMDQuMDAxOTAueC5wZGYADgA6ABwAagAuADEANAA2ADcALQA4ADUAOAA2AC4AMgAwADAANAAuADAAMAAxADkAMAAuAHgALgBwAGQAZgAPAAoABABNAGkAbABrABIAN1VzZXJzL21pbGsvRGVza3RvcC9BcnRpZ29zL2ouMTQ2Ny04NTg2LjIwMDQuMDAxOTAueC5wZGYAABMAAS8AABUAAgAL//8AAIAF0hwdHh9YJGNsYXNzZXNaJGNsYXNzbmFtZaMfICFdTlNNdXRhYmxlRGF0YVZOU0RhdGFYTlNPYmplY3RfEDguLi8uLi8uLi8uLi9EZXNrdG9wL0FydGlnb3Mvai4xNDY3LTg1ODYuMjAwNC4wMDE5MC54LnBkZtIcHSQloiUhXE5TRGljdGlvbmFyeRIAAYagXxAPTlNLZXllZEFyY2hpdmVyAAgAEQAWAB8AKAAyADUAOgA8AEUASwBSAF0AZQBsAG8AcQBzAHYAeAB6AHwAhgCTAJgAoAJKAkwCUQJaAmUCaQJ3An4ChwLCAscCygLXAtwAAAAAAAACAQAAAAAAAAAoAAAAAAAAAAAAAAAAAAAC7g==}}

@article{levy1991,
	Author = {Levy, Haim and Levy, Azriel},
	Date-Added = {2008-03-08 10:17:57 -0300},
	Date-Modified = {2008-03-08 10:20:20 -0300},
	Journal = {International Economic Review},
	Month = {Nov.},
	Number = {4},
	Pages = {891 -- 898},
	Title = {Arrow-{P}ratt measures of risk aversion: the multivariate case},
	Volume = {32},
	Year = {1991},
	Bdsk-File-1 = {YnBsaXN0MDDUAQIDBAUIJidUJHRvcFgkb2JqZWN0c1gkdmVyc2lvblkkYXJjaGl2ZXLRBgdUcm9vdIABqAkKFRYXGyIjVSRudWxs0wsMDQ4RFFpOUy5vYmplY3RzV05TLmtleXNWJGNsYXNzog8QgASABqISE4ACgAOAB1lhbGlhc0RhdGFccmVsYXRpdmVQYXRo0hgNGRpXTlMuZGF0YU8RAVYAAAAAAVYAAgAABE1pbGsAAAAAAAAAAAAAAAAAAAAAAAAAAAAAAMIjW8ZIKwAAAEabsAgwLTE0LnBkZgAAAAAAAAAAAAAAAAAAAAAAAAAAAAAAAAAAAAAAAAAAAAAAAAAAAAAAAAAAAAAAAAAAAAAAAAAASDtvw/c2hAAAAAAAAAAAAAQAAwAACSAAAAAAAAAAAAAAAAAAAAAHQXJ0aWdvcwAAEAAIAADCI4X2AAAAEQAIAADD92C0AAAAAQAQAEabsAAH2MsAB9jAAABvGQACAChNaWxrOlVzZXJzOm1pbGs6RGVza3RvcDpBcnRpZ29zOjAtMTQucGRmAA4AEgAIADAALQAxADQALgBwAGQAZgAPAAoABABNAGkAbABrABIAI1VzZXJzL21pbGsvRGVza3RvcC9BcnRpZ29zLzAtMTQucGRmAAATAAEvAAAVAAIAC///AACABdIcHR4fWCRjbGFzc2VzWiRjbGFzc25hbWWjHyAhXU5TTXV0YWJsZURhdGFWTlNEYXRhWE5TT2JqZWN0XxAkLi4vLi4vLi4vLi4vRGVza3RvcC9BcnRpZ29zLzAtMTQucGRm0hwdJCWiJSFcTlNEaWN0aW9uYXJ5EgABhqBfEA9OU0tleWVkQXJjaGl2ZXIACAARABYAHwAoADIANQA6ADwARQBLAFIAXQBlAGwAbwBxAHMAdgB4AHoAfACGAJMAmACgAfoB/AIBAgoCFQIZAicCLgI3Al4CYwJmAnMCeAAAAAAAAAIBAAAAAAAAACgAAAAAAAAAAAAAAAAAAAKK}}

@article{kihlstrom1981,
	Author = {Kihlstrom, Richard E. and Mirman, Leonard J.},
	Date-Added = {2008-03-08 10:13:32 -0300},
	Date-Modified = {2008-03-08 10:17:40 -0300},
	Journal = {Review of Economic Studies},
	Month = {Apr.},
	Number = {2},
	Pages = {271 -- 280},
	Title = {Constant, increasing and decreasing risk aversion with many commodities},
	Volume = {48},
	Year = {1981},
	Bdsk-File-1 = {YnBsaXN0MDDUAQIDBAUIJidUJHRvcFgkb2JqZWN0c1gkdmVyc2lvblkkYXJjaGl2ZXLRBgdUcm9vdIABqAkKFRYXGyIjVSRudWxs0wsMDQ4RFFpOUy5vYmplY3RzV05TLmtleXNWJGNsYXNzog8QgASABqISE4ACgAOAB1lhbGlhc0RhdGFccmVsYXRpdmVQYXRo0hgNGRpXTlMuZGF0YU8RA2AAAAAAA2AAAgAABE1pbGsAAAAAAAAAAAAAAAAAAAAAAAAAAAAAAMIjW8ZIKwAAAEabsB9odHRwLS0td3d3LmpzdG9yLm9yZyM0ODIxRUEucGRmAAAAAAAAAAAAAAAAAAAAAAAAAAAAAAAAAAAAAAAAAAAASCHqw/WtB1BERiBDQVJPAAQAAwAACSAAAAAAAAAAAAAAAAAAAAAHQXJ0aWdvcwAAEAAIAADCI4X2AAAAEQAIAADD9dc3AAAAAQAQAEabsAAH2MsAB9jAAABvGQACAD9NaWxrOlVzZXJzOm1pbGs6RGVza3RvcDpBcnRpZ29zOmh0dHAtLS13d3cuanN0b3Iub3JnIzQ4MjFFQS5wZGYAAA4BXgCuAGgAdAB0AHAALQAtAC0AdwB3AHcALgBqAHMAdABvAHIALgBvAHIAZwAtAGMAZwBpAC0AYgBpAG4ALQBqAHMAdABvAHIALQBwAHIAaQBuAHQAcABhAGcAZQAtADAAMAAzADQANgA1ADIANwAtAGQAaQA5ADkAMAA2ADUANQAtADkAOQBwADAAMAA2ADMANwAtADAALgBwAGQAZgA/AGIAYQBjAGsAYwBvAG4AdABlAHgAdAA9AHAAYQBnAGUAJgBkAG8AdwBoAGEAdAA9AEEAYwByAG8AYgBhAHQAJgBjAG8AbgBmAGkAZwA9AGoAcwB0AG8AcgAmAHUAcwBlAHIASQBEAD0AOQA2AGEAMQAwADcANQAxAEAAdQBmAHAAZQAuAGIAcgAtADAAMQBjADAAYQA4ADMANAA3ADEAMAAwADUAMAAxAGMAMABmAGMAMQBkACYAMAAuAHAAZABmAA8ACgAEAE0AaQBsAGsAEgDJVXNlcnMvbWlsay9EZXNrdG9wL0FydGlnb3MvaHR0cC0tLXd3dy5qc3Rvci5vcmctY2dpLWJpbi1qc3Rvci1wcmludHBhZ2UtMDAzNDY1MjctZGk5OTA2NTUtOTlwMDA2MzctMC5wZGY/YmFja2NvbnRleHQ9cGFnZSZkb3doYXQ9QWNyb2JhdCZjb25maWc9anN0b3ImdXNlcklEPTk2YTEwNzUxQHVmcGUuYnItMDFjMGE4MzQ3MTAwNTAxYzBmYzFkJjAucGRmAAATAAEvAAAVAAIAC///AACABdIcHR4fWCRjbGFzc2VzWiRjbGFzc25hbWWjHyAhXU5TTXV0YWJsZURhdGFWTlNEYXRhWE5TT2JqZWN0XxDKLi4vLi4vLi4vLi4vRGVza3RvcC9BcnRpZ29zL2h0dHAtLS13d3cuanN0b3Iub3JnLWNnaS1iaW4tanN0b3ItcHJpbnRwYWdlLTAwMzQ2NTI3LWRpOTkwNjU1LTk5cDAwNjM3LTAucGRmP2JhY2tjb250ZXh0PXBhZ2UmZG93aGF0PUFjcm9iYXQmY29uZmlnPWpzdG9yJnVzZXJJRD05NmExMDc1MUB1ZnBlLmJyLTAxYzBhODM0NzEwMDUwMWMwZmMxZCYwLnBkZtIcHSQloiUhXE5TRGljdGlvbmFyeRIAAYagXxAPTlNLZXllZEFyY2hpdmVyAAgAEQAWAB8AKAAyADUAOgA8AEUASwBSAF0AZQBsAG8AcQBzAHYAeAB6AHwAhgCTAJgAoAQEBAYECwQUBB8EIwQxBDgEQQUOBRMFFgUjBSgAAAAAAAACAQAAAAAAAAAoAAAAAAAAAAAAAAAAAAAFOg==}}

@book{raiffa1976,
	Address = {New York},
	Author = {Keeney, Ralph L. and Raiffa, Howard},
	Date-Added = {2008-03-08 10:09:30 -0300},
	Date-Modified = {2008-03-08 10:11:40 -0300},
	Publisher = {John Wiley \& Sons},
	Title = {Decision with multiple objectives: preference and values tradeoffs},
	Year = {1976}}

@article{stiglitz1969,
	Author = {Stiglitz, J. E.},
	Date-Added = {2008-03-08 10:05:45 -0300},
	Date-Modified = {2008-03-08 10:07:03 -0300},
	Journal = {Econometrica},
	Month = {Oct.},
	Number = {4},
	Pages = {660 -- 667},
	Title = {Behaviour towards risk with many commodities},
	Volume = {31},
	Year = {1969},
	Bdsk-File-1 = {YnBsaXN0MDDUAQIDBAUIJidUJHRvcFgkb2JqZWN0c1gkdmVyc2lvblkkYXJjaGl2ZXLRBgdUcm9vdIABqAkKFRYXGyIjVSRudWxs0wsMDQ4RFFpOUy5vYmplY3RzV05TLmtleXNWJGNsYXNzog8QgASABqISE4ACgAOAB1lhbGlhc0RhdGFccmVsYXRpdmVQYXRo0hgNGRpXTlMuZGF0YU8RA2AAAAAAA2AAAgAABE1pbGsAAAAAAAAAAAAAAAAAAAAAAAAAAAAAAMIjW8ZIKwAAAEabsB9odHRwLS0td3d3LmpzdG9yLm9yZyM0ODREMUQucGRmAAAAAAAAAAAAAAAAAAAAAAAAAAAAAAAAAAAAAAAAAAAASE0dw/gV01BERiBDQVJPAAQAAwAACSAAAAAAAAAAAAAAAAAAAAAHQXJ0aWdvcwAAEAAIAADCI4X2AAAAEQAIAADD+EADAAAAAQAQAEabsAAH2MsAB9jAAABvGQACAD9NaWxrOlVzZXJzOm1pbGs6RGVza3RvcDpBcnRpZ29zOmh0dHAtLS13d3cuanN0b3Iub3JnIzQ4NEQxRC5wZGYAAA4BXgCuAGgAdAB0AHAALQAtAC0AdwB3AHcALgBqAHMAdABvAHIALgBvAHIAZwAtAGMAZwBpAC0AYgBpAG4ALQBqAHMAdABvAHIALQBwAHIAaQBuAHQAcABhAGcAZQAtADAAMAAxADIAOQA2ADgAMgAtAGQAaQA5ADUAMgA1ADgAMgAtADkANQBwADAAMAAwADgAdAAtADAALgBwAGQAZgA/AGIAYQBjAGsAYwBvAG4AdABlAHgAdAA9AHAAYQBnAGUAJgBkAG8AdwBoAGEAdAA9AEEAYwByAG8AYgBhAHQAJgBjAG8AbgBmAGkAZwA9AGoAcwB0AG8AcgAmAHUAcwBlAHIASQBEAD0AOQA2AGEAMQAwADcANQAxAEAAdQBmAHAAZQAuAGIAcgAtADAAMQBjADAAYQA4ADMANAA3ADEAMAAwADUAMAAxAGMAMABmAGMAMQBkACYAMAAuAHAAZABmAA8ACgAEAE0AaQBsAGsAEgDJVXNlcnMvbWlsay9EZXNrdG9wL0FydGlnb3MvaHR0cC0tLXd3dy5qc3Rvci5vcmctY2dpLWJpbi1qc3Rvci1wcmludHBhZ2UtMDAxMjk2ODItZGk5NTI1ODItOTVwMDAwOHQtMC5wZGY/YmFja2NvbnRleHQ9cGFnZSZkb3doYXQ9QWNyb2JhdCZjb25maWc9anN0b3ImdXNlcklEPTk2YTEwNzUxQHVmcGUuYnItMDFjMGE4MzQ3MTAwNTAxYzBmYzFkJjAucGRmAAATAAEvAAAVAAIAC///AACABdIcHR4fWCRjbGFzc2VzWiRjbGFzc25hbWWjHyAhXU5TTXV0YWJsZURhdGFWTlNEYXRhWE5TT2JqZWN0XxDKLi4vLi4vLi4vLi4vRGVza3RvcC9BcnRpZ29zL2h0dHAtLS13d3cuanN0b3Iub3JnLWNnaS1iaW4tanN0b3ItcHJpbnRwYWdlLTAwMTI5NjgyLWRpOTUyNTgyLTk1cDAwMDh0LTAucGRmP2JhY2tjb250ZXh0PXBhZ2UmZG93aGF0PUFjcm9iYXQmY29uZmlnPWpzdG9yJnVzZXJJRD05NmExMDc1MUB1ZnBlLmJyLTAxYzBhODM0NzEwMDUwMWMwZmMxZCYwLnBkZtIcHSQloiUhXE5TRGljdGlvbmFyeRIAAYagXxAPTlNLZXllZEFyY2hpdmVyAAgAEQAWAB8AKAAyADUAOgA8AEUASwBSAF0AZQBsAG8AcQBzAHYAeAB6AHwAhgCTAJgAoAQEBAYECwQUBB8EIwQxBDgEQQUOBRMFFgUjBSgAAAAAAAACAQAAAAAAAAAoAAAAAAAAAAAAAAAAAAAFOg==}}

@article{paroush1975,
	Author = {Paroush, J.},
	Date-Added = {2008-03-08 10:01:10 -0300},
	Date-Modified = {2008-03-08 10:02:34 -0300},
	Journal = {Journal of Economic Theory},
	Pages = {283 -- 286},
	Title = {Risk premium with many commodities},
	Volume = {11},
	Year = {1975}}

@article{keeney1973,
	Author = {Keeney, Ralph L.},
	Date-Added = {2008-03-08 09:58:07 -0300},
	Date-Modified = {2008-12-29 16:26:10 -0300},
	Journal = {Econometrica},
	Month = {Jan.},
	Number = {1},
	Pages = {27 -- 34},
	Title = {Risk independence and multiatibuted utility functions},
	Volume = {41},
	Year = {1973},
	Bdsk-File-1 = {YnBsaXN0MDDUAQIDBAUIJidUJHRvcFgkb2JqZWN0c1gkdmVyc2lvblkkYXJjaGl2ZXLRBgdUcm9vdIABqAkKFRYXGyIjVSRudWxs0wsMDQ4RFFpOUy5vYmplY3RzV05TLmtleXNWJGNsYXNzog8QgASABqISE4ACgAOAB1lhbGlhc0RhdGFccmVsYXRpdmVQYXRo0hgNGRpXTlMuZGF0YU8RA1oAAAAAA1oAAgAABE1pbGsAAAAAAAAAAAAAAAAAAAAAAAAAAAAAAMIjW8ZIKwAAAEabsB9odHRwLS0td3d3LmpzdG9yLm9yZyM0NzgzN0EucGRmAAAAAAAAAAAAAAAAAAAAAAAAAAAAAAAAAAAAAAAAAAAAR4N6w+w52VBERiBDQVJPAAQAAwAACSAAAAAAAAAAAAAAAAAAAAAHQXJ0aWdvcwAAEAAIAADCI4X2AAAAEQAIAADD7GQJAAAAAQAQAEabsAAH2MsAB9jAAABvGQACAD9NaWxrOlVzZXJzOm1pbGs6RGVza3RvcDpBcnRpZ29zOmh0dHAtLS13d3cuanN0b3Iub3JnIzQ3ODM3QS5wZGYAAA4BWgCsAGgAdAB0AHAALQAtAC0AdwB3AHcALgBqAHMAdABvAHIALgBvAHIAZwAtAGMAZwBpAC0AYgBpAG4ALQBqAHMAdABvAHIALQBwAHIAaQBuAHQAcABhAGcAZQAtADAAMAAxADIAOQA2ADgAMgAtAGQAaQA5ADUAMgA2ADAAMQAtADkANQBwADAAMAAwADQAcAAtADAALgBwAGQAZgA/AGIAYQBjAGsAYwBvAG4AdABlAHgAdAA9AHAAYQBnAGUAJgBkAG8AdwBoAGEAdAA9AEEAYwByAG8AYgBhAHQAJgBjAG8AbgBmAGkAZwA9AGoAcwB0AG8AcgAmAHUAcwBlAHIASQBEAD0AOQA2AGEAMQAwADcANQAxAEAAdQBmAHAAZQAuAGIAcgAtADAAMQBjADAAYQA4ADQAOAA3ADAAMAAwADUAMAAzADEANABkAGIAJgAwAC4AcABkAGYADwAKAAQATQBpAGwAawASAMdVc2Vycy9taWxrL0Rlc2t0b3AvQXJ0aWdvcy9odHRwLS0td3d3LmpzdG9yLm9yZy1jZ2ktYmluLWpzdG9yLXByaW50cGFnZS0wMDEyOTY4Mi1kaTk1MjYwMS05NXAwMDA0cC0wLnBkZj9iYWNrY29udGV4dD1wYWdlJmRvd2hhdD1BY3JvYmF0JmNvbmZpZz1qc3RvciZ1c2VySUQ9OTZhMTA3NTFAdWZwZS5ici0wMWMwYTg0ODcwMDA1MDMxNGRiJjAucGRmAAATAAEvAAAVAAIAC///AACABdIcHR4fWCRjbGFzc2VzWiRjbGFzc25hbWWjHyAhXU5TTXV0YWJsZURhdGFWTlNEYXRhWE5TT2JqZWN0XxDILi4vLi4vLi4vLi4vRGVza3RvcC9BcnRpZ29zL2h0dHAtLS13d3cuanN0b3Iub3JnLWNnaS1iaW4tanN0b3ItcHJpbnRwYWdlLTAwMTI5NjgyLWRpOTUyNjAxLTk1cDAwMDRwLTAucGRmP2JhY2tjb250ZXh0PXBhZ2UmZG93aGF0PUFjcm9iYXQmY29uZmlnPWpzdG9yJnVzZXJJRD05NmExMDc1MUB1ZnBlLmJyLTAxYzBhODQ4NzAwMDUwMzE0ZGImMC5wZGbSHB0kJaIlIVxOU0RpY3Rpb25hcnkSAAGGoF8QD05TS2V5ZWRBcmNoaXZlcgAIABEAFgAfACgAMgA1ADoAPABFAEsAUgBdAGUAbABvAHEAcwB2AHgAegB8AIYAkwCYAKAD/gQABAUEDgQZBB0EKwQyBDsFBgULBQ4FGwUgAAAAAAAAAgEAAAAAAAAAKAAAAAAAAAAAAAAAAAAABTI=}}

@article{kihlstrom1974,
	Author = {Kihlstrom, R. E. and Mirman, L. J.},
	Date-Added = {2008-03-08 09:54:17 -0300},
	Date-Modified = {2008-03-08 09:57:14 -0300},
	Journal = {Journal of Economic Theory},
	Pages = {361 -- 388},
	Title = {Risk aversion with many commodities},
	Volume = {8},
	Year = {1974}}

@inproceedings{arrow1971,
	Address = {Chicago},
	Author = {Arrow, K. J.},
	Booktitle = {Essays in the theory of risk bearing},
	Date-Added = {2008-03-08 09:27:36 -0300},
	Date-Modified = {2008-03-08 09:36:03 -0300},
	Publisher = {Markham},
	Title = {The theory of risk aversion},
	Year = {1971}}

@article{karni1979,
	Author = {Karni, Edi},
	Date-Added = {2008-03-08 09:25:27 -0300},
	Date-Modified = {2008-03-08 09:27:17 -0300},
	Journal = {Econometrica},
	Month = {Nov.},
	Number = {6},
	Pages = {1391 -- 1401},
	Title = {On multivariate risk aversion},
	Volume = {47},
	Year = {1979},
	Bdsk-File-1 = {YnBsaXN0MDDUAQIDBAUIJidUJHRvcFgkb2JqZWN0c1gkdmVyc2lvblkkYXJjaGl2ZXLRBgdUcm9vdIABqAkKFRYXGyIjVSRudWxs0wsMDQ4RFFpOUy5vYmplY3RzV05TLmtleXNWJGNsYXNzog8QgASABqISE4ACgAOAB1lhbGlhc0RhdGFccmVsYXRpdmVQYXRo0hgNGRpXTlMuZGF0YU8RA1oAAAAAA1oAAgAABE1pbGsAAAAAAAAAAAAAAAAAAAAAAAAAAAAAAMIjW8ZIKwAAAEabsB9odHRwLS0td3d3LmpzdG9yLm9yZyM0N0NGNjkucGRmAAAAAAAAAAAAAAAAAAAAAAAAAAAAAAAAAAAAAAAAAAAAR89pw/BJClBERiBDQVJPAAQAAwAACSAAAAAAAAAAAAAAAAAAAAAHQXJ0aWdvcwAAEAAIAADCI4X2AAAAEQAIAADD8HM6AAAAAQAQAEabsAAH2MsAB9jAAABvGQACAD9NaWxrOlVzZXJzOm1pbGs6RGVza3RvcDpBcnRpZ29zOmh0dHAtLS13d3cuanN0b3Iub3JnIzQ3Q0Y2OS5wZGYAAA4BWgCsAGgAdAB0AHAALQAtAC0AdwB3AHcALgBqAHMAdABvAHIALgBvAHIAZwAtAGMAZwBpAC0AYgBpAG4ALQBqAHMAdABvAHIALQBwAHIAaQBuAHQAcABhAGcAZQAtADAAMAAxADIAOQA2ADgAMgAtAGQAaQA5ADUAMgA2ADQAMwAtADkANQBwADAAMgA3ADUAYgAtADAALgBwAGQAZgA/AGIAYQBjAGsAYwBvAG4AdABlAHgAdAA9AHAAYQBnAGUAJgBkAG8AdwBoAGEAdAA9AEEAYwByAG8AYgBhAHQAJgBjAG8AbgBmAGkAZwA9AGoAcwB0AG8AcgAmAHUAcwBlAHIASQBEAD0AOQA2AGEAMQAwADcANQAxAEAAdQBmAHAAZQAuAGIAcgAtADAAMQBjADAAYQA4ADMANAA3ADQAMAAwADUAMABhAGIAZQBlAGIAJgAwAC4AcABkAGYADwAKAAQATQBpAGwAawASAMdVc2Vycy9taWxrL0Rlc2t0b3AvQXJ0aWdvcy9odHRwLS0td3d3LmpzdG9yLm9yZy1jZ2ktYmluLWpzdG9yLXByaW50cGFnZS0wMDEyOTY4Mi1kaTk1MjY0My05NXAwMjc1Yi0wLnBkZj9iYWNrY29udGV4dD1wYWdlJmRvd2hhdD1BY3JvYmF0JmNvbmZpZz1qc3RvciZ1c2VySUQ9OTZhMTA3NTFAdWZwZS5ici0wMWMwYTgzNDc0MDA1MGFiZWViJjAucGRmAAATAAEvAAAVAAIAC///AACABdIcHR4fWCRjbGFzc2VzWiRjbGFzc25hbWWjHyAhXU5TTXV0YWJsZURhdGFWTlNEYXRhWE5TT2JqZWN0XxDILi4vLi4vLi4vLi4vRGVza3RvcC9BcnRpZ29zL2h0dHAtLS13d3cuanN0b3Iub3JnLWNnaS1iaW4tanN0b3ItcHJpbnRwYWdlLTAwMTI5NjgyLWRpOTUyNjQzLTk1cDAyNzViLTAucGRmP2JhY2tjb250ZXh0PXBhZ2UmZG93aGF0PUFjcm9iYXQmY29uZmlnPWpzdG9yJnVzZXJJRD05NmExMDc1MUB1ZnBlLmJyLTAxYzBhODM0NzQwMDUwYWJlZWImMC5wZGbSHB0kJaIlIVxOU0RpY3Rpb25hcnkSAAGGoF8QD05TS2V5ZWRBcmNoaXZlcgAIABEAFgAfACgAMgA1ADoAPABFAEsAUgBdAGUAbABvAHEAcwB2AHgAegB8AIYAkwCYAKAD/gQABAUEDgQZBB0EKwQyBDsFBgULBQ4FGwUgAAAAAAAAAgEAAAAAAAAAKAAAAAAAAAAAAAAAAAAABTI=}}

@techreport{houser1981,
	Author = {Eliashberg, Jehoshua and Hauser, John Richard},
	Date-Added = {2008-03-05 10:34:13 -0300},
	Date-Modified = {2008-03-05 10:37:20 -0300},
	Institution = {Northwestern University, Center for Mathematical Studies in Economics and Management Science},
	Title = {Measurement error theories for von {N}eumann-{M}orgenstern utility functions},
	Type = {Discurssion Paper N\textordmasculine\ 498},
	Year = {1981}}

@article{duncan1977,
	Author = {Duncan, George T.},
	Date-Added = {2008-03-03 15:22:08 -0300},
	Date-Modified = {2008-03-03 15:29:18 -0300},
	Journal = {Econometrica},
	Number = {4},
	Pages = {895 -- 903},
	Read = {Yes},
	Title = {A matrix measure of multivariate local risk aversion},
	Volume = {45},
	Year = {1977},
	Bdsk-File-1 = {YnBsaXN0MDDUAQIDBAUIJidUJHRvcFgkb2JqZWN0c1gkdmVyc2lvblkkYXJjaGl2ZXLRBgdUcm9vdIABqAkKFRYXGyIjVSRudWxs0wsMDQ4RFFpOUy5vYmplY3RzV05TLmtleXNWJGNsYXNzog8QgASABqISE4ACgAOAB1lhbGlhc0RhdGFccmVsYXRpdmVQYXRo0hgNGRpXTlMuZGF0YU8RA2wAAAAAA2wAAgAABE1pbGsAAAAAAAAAAAAAAAAAAAAAAAAAAAAAAMIjW8ZIKwAAAEabsB9odHRwLS0td3d3LmpzdG9yLm9yZyM0N0U2RTEucGRmAAAAAAAAAAAAAAAAAAAAAAAAAAAAAAAAAAAAAAAAAAAAR+bhw/HI8FBERiBDQVJPAAQAAwAACSAAAAAAAAAAAAAAAAAAAAAHQXJ0aWdvcwAAEAAIAADCI4X2AAAAEQAIAADD8fMgAAAAAQAQAEabsAAH2MsAB9jAAABvGQACAD9NaWxrOlVzZXJzOm1pbGs6RGVza3RvcDpBcnRpZ29zOmh0dHAtLS13d3cuanN0b3Iub3JnIzQ3RTZFMS5wZGYAAA4BZgCyAGgAdAB0AHAALQAtAC0AdwB3AHcALgBqAHMAdABvAHIALgBvAHIAZwAtAGMAZwBpAC0AYgBpAG4ALQBqAHMAdABvAHIALQBwAHIAaQBuAHQAcABhAGcAZQAtADAAMAAxADIAOQA2ADgAMgAtAGQAaQA5ADUAMgA2ADIANwAtADkANQBwADAAMQAzADgAdgAtADAALgBwAGQAZgA/AGIAYQBjAGsAYwBvAG4AdABlAHgAdAA9AGMAaQB0AGEAdABpAG8AbgAmAGQAbwB3AGgAYQB0AD0AQQBjAHIAbwBiAGEAdAAmAGMAbwBuAGYAaQBnAD0AagBzAHQAbwByACYAdQBzAGUAcgBJAEQAPQA5ADYAYQAxADAANwA1ADEAQAB1AGYAcABlAC4AYgByAC0AMAAxAGMAMABhADgAMwA0ADYANwAwADAANQAwADEAZAA1ADkANAAzADYAJgAwAC4AcABkAGYADwAKAAQATQBpAGwAawASAM1Vc2Vycy9taWxrL0Rlc2t0b3AvQXJ0aWdvcy9odHRwLS0td3d3LmpzdG9yLm9yZy1jZ2ktYmluLWpzdG9yLXByaW50cGFnZS0wMDEyOTY4Mi1kaTk1MjYyNy05NXAwMTM4di0wLnBkZj9iYWNrY29udGV4dD1jaXRhdGlvbiZkb3doYXQ9QWNyb2JhdCZjb25maWc9anN0b3ImdXNlcklEPTk2YTEwNzUxQHVmcGUuYnItMDFjMGE4MzQ2NzAwNTAxZDU5NDM2JjAucGRmAAATAAEvAAAVAAIAC///AACABdIcHR4fWCRjbGFzc2VzWiRjbGFzc25hbWWjHyAhXU5TTXV0YWJsZURhdGFWTlNEYXRhWE5TT2JqZWN0XxDOLi4vLi4vLi4vLi4vRGVza3RvcC9BcnRpZ29zL2h0dHAtLS13d3cuanN0b3Iub3JnLWNnaS1iaW4tanN0b3ItcHJpbnRwYWdlLTAwMTI5NjgyLWRpOTUyNjI3LTk1cDAxMzh2LTAucGRmP2JhY2tjb250ZXh0PWNpdGF0aW9uJmRvd2hhdD1BY3JvYmF0JmNvbmZpZz1qc3RvciZ1c2VySUQ9OTZhMTA3NTFAdWZwZS5ici0wMWMwYTgzNDY3MDA1MDFkNTk0MzYmMC5wZGbSHB0kJaIlIVxOU0RpY3Rpb25hcnkSAAGGoF8QD05TS2V5ZWRBcmNoaXZlcgAIABEAFgAfACgAMgA1ADoAPABFAEsAUgBdAGUAbABvAHEAcwB2AHgAegB8AIYAkwCYAKAEEAQSBBcEIAQrBC8EPQREBE0FHgUjBSYFMwU4AAAAAAAAAgEAAAAAAAAAKAAAAAAAAAAAAAAAAAAABUo=}}

@article{pratt1964,
	Author = {Pratt, John W.},
	Date-Added = {2008-03-03 14:41:32 -0300},
	Date-Modified = {2008-03-08 09:37:51 -0300},
	Journal = {Econometrica},
	Month = {Jan. -- Apr.},
	Number = {1--2},
	Pages = {122 --136},
	Read = {Yes},
	Title = {Risk aversion in the small and in the large},
	Volume = {32},
	Year = {1964},
	Bdsk-File-1 = {YnBsaXN0MDDUAQIDBAUIJidUJHRvcFgkb2JqZWN0c1gkdmVyc2lvblkkYXJjaGl2ZXLRBgdUcm9vdIABqAkKFRYXGyIjVSRudWxs0wsMDQ4RFFpOUy5vYmplY3RzV05TLmtleXNWJGNsYXNzog8QgASABqISE4ACgAOAB1lhbGlhc0RhdGFccmVsYXRpdmVQYXRo0hgNGRpXTlMuZGF0YU8RA1oAAAAAA1oAAgAABE1pbGsAAAAAAAAAAAAAAAAAAAAAAAAAAAAAAMIjW8ZIKwAAAEabsB9odHRwLS0td3d3LmpzdG9yLm9yZyM0NzgzNkUucGRmAAAAAAAAAAAAAAAAAAAAAAAAAAAAAAAAAAAAAAAAAAAAR4Nuw+w5xlBERiBDQVJPAAQAAwAACSAAAAAAAAAAAAAAAAAAAAAHQXJ0aWdvcwAAEAAIAADCI4X2AAAAEQAIAADD7GP2AAAAAQAQAEabsAAH2MsAB9jAAABvGQACAD9NaWxrOlVzZXJzOm1pbGs6RGVza3RvcDpBcnRpZ29zOmh0dHAtLS13d3cuanN0b3Iub3JnIzQ3ODM2RS5wZGYAAA4BWgCsAGgAdAB0AHAALQAtAC0AdwB3AHcALgBqAHMAdABvAHIALgBvAHIAZwAtAGMAZwBpAC0AYgBpAG4ALQBqAHMAdABvAHIALQBwAHIAaQBuAHQAcABhAGcAZQAtADAAMAAxADIAOQA2ADgAMgAtAGQAaQA5ADUAMgA1ADUAOQAtADkANQBwADAAMAAxADAAMwAtADAALgBwAGQAZgA/AGIAYQBjAGsAYwBvAG4AdABlAHgAdAA9AHAAYQBnAGUAJgBkAG8AdwBoAGEAdAA9AEEAYwByAG8AYgBhAHQAJgBjAG8AbgBmAGkAZwA9AGoAcwB0AG8AcgAmAHUAcwBlAHIASQBEAD0AOQA2AGEAMQAwADcANQAxAEAAdQBmAHAAZQAuAGIAcgAtADAAMQBjADAAYQA4ADQAOAA3ADAAMAAwADUAMAAzADEANABkAGIAJgAwAC4AcABkAGYADwAKAAQATQBpAGwAawASAMdVc2Vycy9taWxrL0Rlc2t0b3AvQXJ0aWdvcy9odHRwLS0td3d3LmpzdG9yLm9yZy1jZ2ktYmluLWpzdG9yLXByaW50cGFnZS0wMDEyOTY4Mi1kaTk1MjU1OS05NXAwMDEwMy0wLnBkZj9iYWNrY29udGV4dD1wYWdlJmRvd2hhdD1BY3JvYmF0JmNvbmZpZz1qc3RvciZ1c2VySUQ9OTZhMTA3NTFAdWZwZS5ici0wMWMwYTg0ODcwMDA1MDMxNGRiJjAucGRmAAATAAEvAAAVAAIAC///AACABdIcHR4fWCRjbGFzc2VzWiRjbGFzc25hbWWjHyAhXU5TTXV0YWJsZURhdGFWTlNEYXRhWE5TT2JqZWN0XxDILi4vLi4vLi4vLi4vRGVza3RvcC9BcnRpZ29zL2h0dHAtLS13d3cuanN0b3Iub3JnLWNnaS1iaW4tanN0b3ItcHJpbnRwYWdlLTAwMTI5NjgyLWRpOTUyNTU5LTk1cDAwMTAzLTAucGRmP2JhY2tjb250ZXh0PXBhZ2UmZG93aGF0PUFjcm9iYXQmY29uZmlnPWpzdG9yJnVzZXJJRD05NmExMDc1MUB1ZnBlLmJyLTAxYzBhODQ4NzAwMDUwMzE0ZGImMC5wZGbSHB0kJaIlIVxOU0RpY3Rpb25hcnkSAAGGoF8QD05TS2V5ZWRBcmNoaXZlcgAIABEAFgAfACgAMgA1ADoAPABFAEsAUgBdAGUAbABvAHEAcwB2AHgAegB8AIYAkwCYAKAD/gQABAUEDgQZBB0EKwQyBDsFBgULBQ4FGwUgAAAAAAAAAgEAAAAAAAAAKAAAAAAAAAAAAAAAAAAABTI=}}

@book{campello2005,
	Address = {Recife},
	Author = {Campello de Souza, Fernando Menezes},
	Date-Modified = {2008-03-10 10:05:16 -0300},
	Edition = {2},
	Publisher = {\emph{Vade Mecum}},
	Read = {Yes},
	Title = {Decis{\~o}es racionais em situa{\c c}{\~o}es de incerteza},
	Year = {2007}}

@book{campello2002,
	Address = {Recife},
	Author = {Campello de Souza, Fernando Menezes and Campello de Souza, Bruno and Stamford da Silva, Alexandre},
	Owner = {Andr{\'e} Leite},
	Publisher = {Editora Universit{\'a}ria da UFPE},
	Title = {Elementos da pesquisa cient{\'\i}fica em medicina},
	Year = {2002}}

@book{Goossens,
	Author = {Goossens, Michel and Mittelbach, Frank and Samarin, Alexander},
	Date-Modified = {2009-07-31 09:54:21 -0300},
	Owner = {Andr{\'e} Leite},
	Publisher = {Addison-Wesley},
	Title = {{The \LaTeX\ companion}},
	Year = {1994}}

@book{hegenberg1973,
	Address = {S{\~a}o Paulo, SP},
	Author = {Hegenberg, Le{\^o}nidas},
	Publisher = {Editora da Universidade de S{\~a}o Paulo},
	Title = {Explica{\c c}{\~o}es cient{\'\i}ficas: introdu{\c c}{\~a}o {\`a} filosofia da ci{\^e}ncia},
	Year = {1973}}

@book{NagelNewman1958,
	Address = {New York},
	Author = {Nagel, Ernest and Newman, James R.},
	Date-Modified = {2009-07-31 09:54:40 -0300},
	Publisher = {New York University Press},
	Title = {G{\"o}del's proof},
	Year = {1958}}

@book{peirce1867,
	Address = {Cambridge},
	Author = {Peirce, Charles Sanders},
	Note = {1867/1960},
	Publisher = {Harvard University Press},
	Title = {Collected papers of {C}harles {S}anders {P}eirce},
	Year = {1960}}

@inbook{Peirce1883,
	Author = {Peirce, Charles Sanders},
	Chapter = {A theory of probable inference},
	Publisher = {Cambridge: Harvard University Press},
	Title = {Collected papers of {C}harles {S}anders {P}eirce},
	Year = {1883}}

@inbook{Peirce1878a,
	Author = {Peirce, Charles Sanders},
	Chapter = {How to make our ideas clear},
	Pages = {186 -- 302},
	Publisher = {Cambridge: Harvard University Press},
	Title = {Collected papers of {C}harles {S}anders {P}eirce},
	Year = {1878}}

@inbook{Peirce1878b,
	Author = {Peirce, Charles Sanders},
	Chapter = {Deduction, induction, and hypothesis},
	Pages = {470 -- 482},
	Publisher = {Cambridge: Harvard University Press},
	Title = {Collected papers of {C}harles {S}anders {P}eirce},
	Year = {1878}}

@inbook{Peirce1877,
	Author = {Peirce, Charles Sanders},
	Chapter = {The fixation of belief},
	Pages = {1 -- 15},
	Publisher = {Cambridge: Harvard University Press},
	Title = {Collected papers of {C}harles {S}anders {P}eirce},
	Year = {1877}}

@inbook{Peirce1868,
	Author = {Peirce, Charles Sanders},
	Chapter = {Some consequences of four incapacities},
	Pages = {140 -- 157},
	Publisher = {Cambridge: Harvard University Press},
	Title = {Collected papers of {C}harles {S}anders {P}eirce},
	Year = {1868}}

@book{POPPER92,
	Address = {Bras{\'\i}lia},
	Author = {Popper, Karl Raimund},
	Publisher = {Editora da Universidade de Bras{\'\i}lia},
	Title = {Ci{\^e}ncia, conjecturas e refuta{\c c}{\~o}es},
	Year = {1992}}

@book{popper1972,
	Address = {S{\~a}o Paulo},
	Author = {Popper, Karl Raimund},
	Owner = {Andr{\'e} Leite},
	Publisher = {Cultrix},
	Title = {A l{\'o}gica da pesquisa cient{\'\i}fica},
	Year = {1972}}

@book{bertalanffy1973,
	Author = {{von} Bertalanffy, Karl Ludwig},
	Owner = {Andr{\'e} Leite},
	Publisher = {Penguin Books},
	Title = {General system theory: foundations, development and applications},
	Year = {1968}}
